2148 3330
531 152 809 183 REPLICACIO
836 152 895 183 DE
922 152 1298 185 UNIVERSALIBUS.
1777 157 1847 195 151

254 260 389 305 sum³³3
424 268 460 295 et
482 259 642 295 ulterius
665 259 803 306 negavi
828 259 1180 307 consequenciam:
1207 260 1364 308 “igitur,
1388 261 1418 296 si
1442 261 1563 297 homo
1601 277 1711 308 are-qn
1733 278 1748 296 a
1770 278 1834 304 par,

254 327 323 359 est,
369 331 441 365 ego
487 317 617 354 sum.”
662 318 811 353 Contra
845 317 921 353 hoc
953 318 1144 364 arguebat
1183 319 1255 354 sic:
1302 330 1400 366 eque
1434 304 1850 371 primotssjffsss}‚⁸1⁰{x¹{¹53f¹

252 377 486 412 naturaliter
530 383 587 411 est
631 387 691 410 7776
734 386 814 410 6336
858 382 894 411 et
927 375 1116 411 hominem
1149 388 1251 420 6336ς
1294 377 1410 423 igitur
1447 377 1562 413 simul

252 434 484 470 naturaliter
517 441 573 469 est
607 445 665 469 me
696 445 777 469 6336
809 440 845 468 et
878 433 1068 468 hominem
1093 445 1185 469 esse.
1219 434 1289 469 Vel
1314 446 1408 482 ergo
1431 435 1561 481 primo

218 499 233 530 5
254 493 373 528 modo
406 492 627 536 simultatis,
661 491 720 527 vel
753 490 939 536 secundo,
972 491 1033 526 vel
1064 492 1200 529 tercio,
1234 491 1311 528 Sed
1337 494 1561 529 necessario

249 563 329 586 non
364 551 484 586 tercio
516 551 653 596 modo3
698 549 814 596 igitur
846 548 1035 584 hominem
1075 561 1156 585 esse
1194 557 1230 585 et
1270 562 1329 585 me
1360 562 1441 586 6336
1473 559 1563 587 sunt

249 609 364 644 simul
398 607 629 643 naturaliter
666 606 839 643 secundo
881 607 1001 643 modo
1032 607 1092 643 vel
1125 608 1255 654 primo
1293 609 1427 644 modo.
1483 610 1559 645 Sed
1656 615 1774 650 Wycnf

248 666 424 702 secundo
449 666 570 702 modo
594 665 709 701 simul
732 665 965 701 naturaliter
987 676 1077 701 sunt
1101 677 1175 713 que
1208 678 1248 702 se
1282 674 1559 713 consecuntur,
1616 655 1813 718 abrsegrggtistro

248 733 284 760 et
329 732 512 760 neutrum
558 731 615 759 est
659 735 777 759 causa
822 722 993 761 alterius.
1044 724 1176 771 Igitur,
1222 724 1251 759 si
1297 735 1395 771 eque
1431 724 1560 772 primo
1593 720 1830 789 s0smilfsi¹wa<g¹ff¹¹f

193 799 231 818 10
247 782 480 818 naturaliter
524 789 581 818 est
625 781 814 817 hominem
848 792 930 816 esse
962 788 999 816 et
1031 793 1090 816 7776
1123 793 1218 827 6336,
1258 782 1433 829 sequitur
1466 795 1559 829 ergo
1654 786 1769 828 mutual
1809 826 1813 830 ⁸

246 841 364 888 quod,
400 841 428 876 si
464 840 585 875 homo
620 848 691 885 est,
726 851 798 886 ego
831 851 930 875 sum.
966 840 1263 887 Consequcncia
1280 848 1388 876 tenet
1421 853 1464 876 ex
1486 842 1559 877 vir·
1592 830 1829 893 cclilnqusspaorrjisvut

244 906 325 934 tute
357 897 458 934 illius
492 896 623 943 medii,
669 897 760 945 quia
793 897 920 934 solum
956 898 1109 933 duobus
1144 898 1271 934 modis
1304 898 1436 947 aliqua
1469 907 1559 935 sunt
1642 892 1792 923 sollowss

243 956 359 992 simul
392 964 549 993 natura.

302 1010 383 1065 [Si]
408 1026 486 1050 non
510 1013 682 1049 secundo
707 1013 827 1049 modo
850 1013 965 1048 simul
988 1021 1130 1049 natura
1164 1021 1221 1050 est
1253 1013 1442 1049 hominem
1476 1021 1599 1051 esself
1617 1021 1701 1048 there
1723 1023 1757 1061 {30
1772 1023 1844 1051 onlv

189 1077 225 1108 15
242 1080 279 1107 et
312 1084 372 1107 7776
403 1084 503 1116 6336,·
534 1072 757 1107 necessario
790 1072 964 1119 sequitur
997 1071 1102 1119 quod
1135 1070 1166 1108 si
1200 1083 1298 1119 eque
1331 1072 1461 1119 primo
1483 1084 1553 1108 na·
1637 1065 1652 1083 ³
1674 1061 1774 1093 pamy

241 1129 422 1165 turaliter
456 1138 512 1165 est
545 1129 733 1165 hominem
768 1141 847 1165 esse
880 1141 966 1165 cum
1004 1142 1063 1165 7776
1094 1141 1188 1173 6336,
1222 1130 1342 1177 quod,
1375 1131 1405 1166 si
1433 1130 1554 1167 homo

241 1194 309 1233 cst,
356 1199 428 1235 ego
474 1200 573 1225 sum.
625 1187 687 1223 Ad
730 1188 834 1223 idem
882 1188 1073 1235 arguebat
1119 1186 1193 1223 sic:
1240 1188 1464 1224 essencialis
1499 1197 1555 1225 est
1605 1197 1800 1235 ofessqmiai

240 1245 431 1281 habitudo
464 1245 655 1281 hominem
680 1257 760 1281 esse
783 1245 832 1281 ad
856 1257 916 1281 me
937 1256 1041 1290 esse,·
1071 1244 1201 1292 igitur,
1236 1246 1266 1282 si
1290 1258 1388 1293 eque
1410 1247 1555 1294 primo,
1636 1232 1773 1266 solamon,

239 1303 471 1340 naturaliter
504 1312 560 1339 est
593 1303 783 1339 hominem
818 1315 899 1339 6336
932 1311 969 1339 et
1002 1315 1062 1338 me
1093 1315 1186 1350 esse,
1219 1311 1312 1339 tunc
1344 1304 1383 1339 in
1416 1305 1556 1341 ordine

182 1376 223 1398 20
239 1361 445 1399 essenciali
477 1373 538 1397 me
569 1373 650 1397 6336
681 1362 731 1397 ad
765 1362 935 1409 primam
971 1373 1146 1408 causam,
1181 1369 1218 1397 et
1251 1362 1441 1398 hominem
1475 1375 1557 1399 6336

238 1421 288 1456 ad
321 1420 487 1456 eandem
523 1431 621 1467 eque
653 1420 783 1467 primo
817 1427 920 1456 sunt.
966 1421 1021 1455 Ex
1054 1431 1132 1467 quo
1165 1419 1325 1456 ulterius
1358 1421 1552 1468 arguitur;

237 1479 274 1513 in
298 1477 441 1514 ordine
465 1476 672 1514 essenciali
703 1489 801 1525 eque
834 1478 964 1525 primo
998 1477 1229 1514 naturaliter
1260 1485 1350 1514 sunt
1382 1491 1442 1514 me
1473 1491 1554 1515 6336

237 1544 274 1572 et
317 1535 506 1572 hominem
552 1547 642 1574 6336,
685 1535 757 1571 Vel
798 1547 889 1583 ergo
930 1536 1071 1571 eodem
1112 1536 1250 1571 ordine
1283 1537 1452 1584 penitus,
1491 1537 1626 1573 veland
1651 1545 1722 1572 both
1743 1554 1793 1573 are
1808 1549 1838 1574 ot

235 1606 328 1632 non.
373 1594 412 1630 Si
457 1593 611 1641 penitus
656 1592 696 1628 in
729 1594 870 1629 eodem
905 1594 1056 1640 ordine,
1102 1594 1217 1640 igitur
1248 1606 1330 1630 non
1363 1595 1482 1630 stabit
1513 1595 1551 1630 in
1578 1580 1829 1650 {Zebffiffgcs’sfflg

178 1655 218 1688 25
237 1651 374 1688 eodem
409 1650 550 1688 ordine
583 1650 787 1687 essenciali
821 1663 901 1687 6336
933 1651 1124 1687 Ι7ο777ῐ776777
1159 1652 1240 1687 sine
1273 1664 1333 1687 7776
1365 1665 1458 1698 6336,
1490 1649 1839 1713 velffiifffregcffiffeftffisst

236 1709 310 1745 nisi
342 1710 390 1746 sit
421 1721 481 1745 me
513 1721 606 1745 esse.
641 1710 761 1756 Igitur
794 1709 1086 1757 consequencia
1117 1710 1190 1745 fuit
1224 1710 1340 1748 bona.
1395 1711 1436 1746 Si
1468 1723 1548 1746 non
1588 1719 1622 1746 of
1638 1693 1691 1746 7ὴὲ
1708 1703 1816 1753 others

236 1767 392 1816 penitus
435 1768 473 1803 in
520 1768 661 1803 eodem
707 1766 846 1803 ordine
880 1775 937 1803 est
967 1775 1179 1815 utrumque
1211 1767 1384 1814 illorum,
1430 1767 1665 1815 igiturifnot.
1681 1777 1751 1804 then
1768 1786 1837 1806 man

236 1825 308 1861 erit
350 1826 449 1861 ordo
495 1824 721 1861 essencialis
767 1824 851 1861 eius
896 1826 1003 1873 quod
1047 1833 1105 1861 est
1148 1825 1337 1861 hominem
1383 1838 1465 1862 esse
1498 1827 1547 1862 ad
1569 1812 1833 1874 ςθζζᾚῃὴῗζιξῑῗοῃ

234 1884 404 1931 primam
440 1895 613 1929 causam,
658 1884 695 1918 in
735 1896 812 1930 quo
851 1895 933 1919 non
965 1883 1037 1919 erit
1069 1895 1129 1919 me
1163 1895 1263 1928 6336,·
1306 1892 1342 1919 et
1377 1883 1415 1919 in
1448 1897 1545 1933 quo-
1582 1881 1696 1943 &guilis
1713 1881 1813 1944 Effiscth

175 1946 217 1978 30
234 1953 388 1989 cunque
411 1940 551 1977 ordine
573 1940 780 1977 essenciali
804 1942 854 1977 ad
877 1941 1047 1989 primam
1083 1953 1244 1977 causam
1282 1950 1338 1978 est
1371 1954 1431 1977 7776
1452 1954 1545 1988 6336,
1602 1950 1619 1977 J
1636 1937 1712 1978 habe
1733 1956 1795 1979 not.

231 2000 269 2034 in
315 2000 455 2035 eodem
501 2012 581 2035 non
627 1999 701 2035 erit
745 1999 936 2035 hominem
981 2011 1074 2038 esse.
1126 2000 1309 2047 Sequitur
1352 2001 1460 2048 quod
1505 2000 1544 2036 in

231 2057 369 2093 ordine
403 2056 606 2094 essenciali
641 2065 697 2092 est
728 2057 834 2104 prius
873 2056 1063 2093 lzonrzinem
1096 2070 1176 2093 6336
1208 2070 1328 2105 quam
1365 2070 1424 2093 7776
1449 2071 1542 2105 6336,

82 2117 190 2151 A83¹³
231 2116 284 2151 sic
330 2127 424 2162 ergo
469 2116 518 2151 ad
563 2127 622 2150 me
665 2126 745 2150 esse
788 2115 997 2163 requiritur
1029 2115 1220 2151 hominem
1254 2127 1346 2162 esse,
1393 2124 1430 2151 et
1461 2128 1543 2152 non

230 2172 444 2221 requiritur
488 2173 537 2209 ad
581 2173 773 2208 hominem
819 2185 912 2219 6336,
956 2185 1016 2209 7776
1058 2185 1150 2211 6336.
1204 2174 1423 2222 Utrobique
1455 2175 1539 2210 uni-
1580 2184 1651 2210 And
1673 2184 1815 2224 ‘then‘my

174 2235 212 2267 35
229 2232 408 2267 formiter
430 2231 688 2278 intelligendo
706 2230 895 2267 hominem
915 2243 1008 2276 esse,
1031 2231 1255 2267 essencialis
1272 2240 1329 2267 est
1352 2231 1540 2279 prioritas
1586 2218 1800 2292 Ρῑθξῗὲξοζζό

229 2288 417 2325 hominem
463 2300 544 2324 esse
587 2289 637 2324 ad
676 2300 735 2324 me
773 2301 863 2325 6336.
917 2289 1036 2335 Alias,
1070 2301 1151 2325 non
1183 2288 1377 2326 variando
1411 2289 1450 2325 in
1483 2291 1539 2326 in·
1567 2287 1632 2314 that
1652 2290 1722 2315 ota
1742 2297 1822 2321 man,

1583 2322 1642 2349 and
1666 2327 1718 2349 not
1738 2325 1802 2351 vice

229 2346 460 2382 telleccione
493 2345 783 2395 consequentis,
824 2347 933 2383 sicud
965 2346 1142 2394 sequitur
1175 2347 1278 2395 “ego
1311 2360 1413 2394 sum,
1448 2359 1541 2395 ergo
1642 2358 1740 2389 versa,

229 2405 349 2440 homo
373 2403 459 2440 est³³
484 2405 537 2440 sic
560 2405 721 2440 deberet
749 2405 859 2452 sequi
884 2404 1035 2441 “homo
1068 2412 1138 2449 est,
1170 2405 1288 2453 igitur
1321 2417 1392 2453 ego
1408 2405 1538 2443 sum³³.
1555 2392 1714 2454 ascvgpgilg]
1728 2393 1828 2454 ragno

228 2463 306 2498 Sed
328 2463 490 2510 quando
515 2463 604 2498 dedi
626 2463 882 2498 instanciam:
918 2461 1026 2498 “non
1055 2463 1250 2510 sequitur:
1285 2475 1385 2510 eque
1409 2464 1538 2510 primo
1578 2461 1758 2523 hypoffietsjs
1779 2462 1813 2489 of

168 2534 212 2564 40
227 2520 458 2556 naturaliter
502 2528 558 2556 est
602 2519 737 2556 asinus
782 2528 819 2556 et
858 2520 1006 2567 hircus;
1052 2521 1181 2567 igitur,
1227 2521 1257 2557 si
1298 2521 1433 2557 asinus
1466 2530 1536 2567 est,
1559 2530 1609 2566 My
1630 2504 1769 2566 gxamb'le
1789 2533 1824 2559 of

226 2578 356 2614 hircus
390 2577 496 2624 est3³³
530 2578 735 2626 respondit
770 2579 876 2626 quod
917 2589 997 2614 non
1021 2579 1251 2626 simpliciter
1274 2590 1373 2627 eque
1406 2579 1537 2626 primo
1579 2573 1702 2635 aassroajf
1716 2566 1796 2635 ἓξὲξ,

1578 2634 1708 2662 because
1728 2635 1799 2671 they

225 2734 390 2797 tendlg'ASi
411 2734 494 2762 deest
507 2735 570 2763 AB.
644 2733 691 2763 30.
706 2735 850 2763 oracione
866 2735 897 2762 B.
971 2734 1018 2771 34,
1034 2733 1075 2763 35.
1096 2735 1310 2765 universaliter
1324 2736 1357 2765 Β.
1430 2735 1471 2766 35.
1487 2736 1535 2765 in·
