2148 3330
282 160 360 207 164

339 282 435 308 either
457 282 494 315 by

310 316 456 343 extrinsic
481 323 515 342 or

340 352 482 378 intrinsic

290 386 537 417 determination,

319 457 369 483 the
390 456 505 482 former

279 491 380 527 hythe
394 490 479 517 word
495 497 552 524 per

304 527 353 552 tlie
374 526 460 552 latter
482 525 519 558 by

293 560 469 593 secundum,
491 560 539 586 the

304 603 355 621 use
376 595 410 621 ot*
426 594 527 621 which

339 629 443 656 words
464 629 489 655 is

320 664 449 698 justified
473 664 510 700 by

293 699 444 726 Aristotle
464 699 522 725 and

330 734 504 767 Scriptum.

295 1210 340 1236 As
361 1209 534 1242 exemplars

318 1252 353 1270 or
374 1248 511 1278 pattern-

278 1279 375 1305 forms
397 1286 447 1305 are
468 1278 552 1313 prior

317 1318 347 1339 to
368 1313 466 1339 forms
486 1313 515 1339 in

290 1348 368 1374 tlieir
389 1348 539 1381 subjects⁷

298 1391 344 1409 we
364 1382 439 1409 shall
463 1382 527 1409 deal

278 1418 351 1444 witli
373 1417 455 1444 them
476 1417 551 1444 first.

348 1614 408 1641 We
428 1622 482 1641 can

313 1650 468 1684 predicate
489 1648 523 1675 of

292 1693 350 1720 any
374 1683 491 1718 subject
512 1684 541 1710 in

281 1723 342 1745 two
364 1727 448 1754 ways
465 1719 553 1754 only:

290 1754 464 1788 essentially
486 1753 544 1780 and

313 1788 524 1823 accidentally,

292 1823 377 1850 what
395 1824 416 1850 it
436 1823 462 1849 is
483 1822 541 1849 and

335 1859 404 1885 how
424 1858 445 1884 it
465 1857 501 1884 is.

322 1892 512 1920 Substantial

283 1927 361 1954 form
383 1927 410 1953 is
430 1927 494 1953 that
516 1927 554 1962 by

350 1962 448 1988 which
470 1970 485 1987 a

311 1997 474 2023 substance
495 1996 520 2022 is

328 2031 410 2058 what
430 2032 451 2057 it
471 2031 507 2057 is.

1009 166 1231 197 JOHANNIS
1258 164 1442 196 WYCLIF
1746 161 1836 189 CAP.
1857 161 1880 188 Ι.

569 274 767 320 discrepat
813 272 941 307 forma
987 271 1220 319 exemplaris
1253 283 1274 307 a
1308 270 1437 307 forma
1476 270 1688 306 intrinseca
1720 270 1759 305 in
1792 269 1880 315 hoc,

568 332 673 379 quod
706 330 814 366 nulla
848 329 977 365 forma
1016 329 1252 376 exemplaris
1286 330 1334 364 ab
1366 329 1595 377 intrinseco,
1637 328 1705 364 sed
1738 328 1786 363 ab
1820 339 1881 363 ex-

567 390 738 424 trinseco
783 388 1016 423 denominat
1058 387 1153 422 illud
1187 387 1294 422 cuius
1328 395 1385 422 est
1417 387 1639 434 exemplat-3
1685 397 1704 420 e
1744 393 1882 421 contra

567 454 697 482 autem
745 454 802 481 est
847 446 894 480 de
939 456 1175 493 quacunque
1221 444 1349 480 forma
1393 444 1618 480 intrinseca.
1673 445 1721 479 Et
1773 443 1879 479 illam

568 503 837 539 differenciam
884 515 1079 550 suppono,
1125 514 1169 538 ex
1216 503 1335 538 modo
1370 502 1556 550 loquendi
1590 500 1812 537 Aristotelis
1846 503 1915 536 et5

567 562 770 609 scripture,
817 562 963 608 signari
1007 572 1077 608 per
1122 560 1191 596 has
1237 561 1335 595 duas
1380 559 1688 607 preposiciones,
1730 571 1805 607 per
1846 566 1883 594 et

566 620 773 655 secundum
807 619 919 667 quod.
956 621 1054 654 Nam
1077 630 1150 667 per
1173 617 1369 665 significat
1397 617 1740 653 circumstanciam
1767 628 1883 652 cause

568 676 773 712 efficientis
806 677 865 712 vel
899 676 1178 723 exemplantis3
1210 684 1252 711 ut
1281 684 1391 723 patet
1413 675 1591 711 secundo
1614 675 1882 722 physicorum,
1912 700 2014 731 Rom·

568 743 604 770 et
637 735 686 770 ad
719 735 831 772 Rom.
862 737 931 771 110
967 745 1018 769 ex
1056 734 1150 783 ipso,
1191 742 1240 779 et,
1276 745 1350 782 per
1382 733 1504 782 ipsum
1544 740 1578 768 et
1611 732 1646 768 in
1683 733 1765 782 ipso
1797 739 1884 768 sunt
1898 747 1953 779 XL
1981 745 2032 777 gs„

568 792 708 828 omnia.
773 793 849 828 Per
907 793 1012 828 enim
1072 791 1234 839 ponitur
1284 792 1334 827 ad
1394 791 1681 838 designandum
1734 790 1883 826 formas
1904 803 1942 824 10

569 850 812 898 exemplares
856 851 895 885 in
926 850 1071 885 Verbo.
1126 849 1342 885 Secundum
1384 850 1485 897 quod
1523 856 1654 885 autem
1689 847 1884 895 significat

568 908 915 944 circumstanciam
951 919 1066 944 cause
1099 907 1295 951 formali83
1328 915 1370 942 ut
1403 915 1511 954 patet
1542 907 1581 942 in
1611 906 1883 953 descripcione

568 966 776 1013 qualitatis.
814 967 920 1002 Idem
956 973 1065 1013 patet
1098 966 1145 1001 de
1178 965 1355 1013 accione,
1388 977 1459 1012 per
1481 973 1663 1001 autorem
1688 975 1753 1000 sex
1774 964 1911 1022 prin·1
1943 990 2034 1021 Tim·

569 1024 779 1071 cipiorum3
804 1032 841 1059 et
865 1023 1116 1059 conformem
1137 1023 1298 1059 modum
1324 1023 1513 1071 loquendi
1538 1023 1656 1058 habet
1673 1022 1880 1070 scriptura,
1910 1037 1964 1076 VI,
1995 1037 2022 1068 3·

568 1082 695 1129 prima
728 1083 777 1117 ad
810 1082 929 1120 Chor.
963 1082 1023 1118 60.
1077 1081 1119 1116 Si
1160 1081 1244 1130 quis
1288 1093 1361 1117 non
1395 1080 1602 1129 acquiescit
1634 1080 1678 1123 ei,
1723 1091 1793 1128 que
1824 1091 1881 1115 se·
1903 1084 1939 1116 15

568 1141 739 1175 cundum
767 1139 950 1188 pietatem
984 1146 1039 1175 est
1072 1139 1258 1175 doctrine.

625 1198 901 1245 Supponendo
933 1197 1051 1245 igitur
1088 1198 1205 1234 istam
1239 1197 1538 1233 distinccionem
1581 1195 1883 1233 circumstancie

568 1256 735 1291 causalis
780 1255 974 1303 assignari
1017 1267 1088 1303 per
1132 1255 1227 1291 istas
1273 1253 1588 1303 proposieiones,
1638 1254 1752 1302 posui
1796 1254 1884 1290 sub-

568 1312 888 1359 disffinccionem,
934 1315 1041 1361 quod
1076 1313 1235 1349 “forma
1281 1322 1337 1349 est
1382 1325 1443 1349 res
1470 1324 1545 1362 per
1577 1324 1696 1360 quam
1728 1311 1790 1347 vel
1827 1323 1885 1347 se-

568 1372 733 1406 cundum
758 1384 890 1420 quam,
916 1371 1020 1407 etc.³'
1044 1373 1092 1407 Et
1107 1372 1214 1419 prius
1235 1370 1396 1407 indubie
1412 1379 1469 1407 est
1489 1371 1616 1406 forma
1633 1368 1883 1417 exemplaris,
1902 1384 1944 1405 20

569 1429 797 1477 exemplans
831 1438 1068 1474 creaturam,
1103 1442 1221 1477 quam
1257 1429 1382 1465 forma
1424 1428 1637 1464 intrinsece
1673 1428 1884 1463 inexistens

570 1488 710 1525 eidem.
763 1487 854 1523 Ideo
900 1495 957 1523 est
1001 1488 1110 1535 prior
1142 1487 1333 1523 naturalis
1367 1487 1639 1523 consideracio
1674 1486 1722 1522 de
1755 1485 1885 1521 forma

570 1545 782 1593 exemplari
816 1558 934 1593 quam
971 1546 1018 1581 de
1052 1545 1181 1582 forma
1213 1545 1449 1593 exemplata.

628 1603 800 1640 Ulterius
845 1604 1065 1640 notandum
1115 1612 1172 1640 est
1218 1604 1323 1652 quod
1357 1601 1537 1640 essencia
1581 1601 1779 1650 specifica,
1825 1601 1886 1637 vel

569 1669 725 1707 natura,
759 1669 913 1697 tantum
949 1663 1052 1709 capit
1085 1662 1279 1709 duplicem
1315 1661 1633 1709 predicacionem
1658 1659 1943 1705 formalem‚23

570 1719 729 1761 scilicet,
765 1719 1022 1755 essencialem
1057 1727 1095 1756 et
1127 1720 1434 1763 accidentalem3
1468 1728 1522 1763 ut,
1559 1717 1805 1754 “substancia
1829 1725 1886 1753 est

571 1789 668 1824 eque
693 1777 913 1813 formaliter
936 1777 1082 1827 ignis.”
1115 1779 1163 1813 Et
1186 1790 1273 1814 cum
1299 1789 1380 1812 non
1412 1777 1460 1813 sit
1494 1776 1739 1813 accidentale
1772 1775 1885 1811 alicui

570 1835 746 1871 subiecto
779 1836 883 1883 quod
918 1836 965 1872 sit
997 1836 1110 1883 ignis,
1142 1835 1204 1872 vel
1236 1842 1509 1884 presupponat
1541 1833 1576 1870 ei
1609 1833 1729 1870 aliam
1760 1832 1886 1881 quidi-

570 1901 705 1936 tatem‚
737 1890 741 1944 Ι
770 1901 881 1941 patet
904 1894 1009 1941 quod
1032 1894 1218 1940 igneitate
1243 1901 1299 1929 est
1320 1893 1415 1928 illud
1438 1890 1758 1929 substancialiter
1780 1891 1886 1939 quod
1925 1897 1950 1926 Α
1982 1892 2038 1927 53¹²

572 1959 642 1988 est.
676 1953 725 1986 Et
758 1952 832 1987 hoc
866 1952 1186 1999 presupponitur‚
1222 1953 1269 1987 de
1303 1951 1336 1987 vi
1368 1951 1487 1996 vocis,
1522 1962 1605 1987 esse
1638 1949 1768 1986 forma
1795 1950 1886 1985 sub·
1904 1954 1946 1985 30

570 2008 787 2055 staneialis,
821 2010 980 2056 scilicet,
1014 2008 1144 2046 forma
1166 2021 1238 2058 qua
1261 2008 1573 2045 substancialiter
1594 2015 1649 2044 est
1668 2006 1886 2044 substancia

570 2066 610 2102 id
640 2068 743 2115 quod
774 2074 839 2103 est.

639 2230 665 2258 3.
687 2231 723 2257 ad
752 2231 839 2258 cuius
859 2231 904 2265 A;
932 2230 969 2257 ad
996 2230 1078 2266 quod
1099 2229 1134 2257 E.
1207 2239 1236 2263 4.
1265 2234 1308 2256 est
1328 2230 1412 2257 deest
1430 2229 1525 2258 ACD.
1600 2230 1628 2257 6.
1650 2229 1807 2265 signanter
1827 2227 1886 2255 ΒΕ.

571 2274 597 2299 7.
628 2273 721 2301 quam
751 2265 810 2293 BE.
913 2272 941 2298 9.
972 2270 1002 2291 2⁰
1025 2273 1087 2300 pro
1119 2270 1157 2292 11⁰
1192 2264 1321 2297 ACDE3
1354 2265 1392 2292 ib.
1425 2269 1452 2291 et
1483 2265 1570 2300 after
1600 2264 1670 2299 ipso
1704 2264 1790 2291 deest
1819 2263 1885 2291 AC.

571 2308 606 2328 11.
633 2308 726 2335 quarn
754 2300 822 2334 3133
848 2300 932 2335 qnod
959 2300 1046 2327 deest
1070 2299 1105 2327 C.
1180 2298 1216 2326 13.
1244 2299 1282 2326 Et
1307 2299 1389 2326 idem
1417 2299 1479 2326 BD.
1554 2299 1591 2327 15.
1618 2299 1654 2326 ad
1680 2299 1764 2326 deest
1783 2298 1822 2332 B;
1848 2298 1886 2325 ib.

571 2347 643 2381 quia
661 2345 727 2374 AC.
802 2346 845 2373 16.
867 2345 1006 2373 doctrina
1025 2345 1118 2373 ACE.
1194 2353 1232 2380 171
1253 2336 1304 2381 ἶῖν)
1324 2345 1406 2380 quod
1432 2345 1504 2373 facit
1529 2345 1751 2372 diffinicionem
1778 2342 1887 2380 before

572 2381 778 2416 supponendo
808 2381 843 2409 C.
935 2382 973 2408 18.
1004 2380 1119 2416 signari
1150 2380 1217 2415 BD;
1250 2380 1287 2407 ih.
1318 2380 1385 2407 illas
1415 2380 1458 2414 D3
1491 2380 1530 2407 ib.
1561 2379 1796 2415 preposiciones
1826 2378 1885 2406 BE.

571 2441 617 2464 24.
640 2431 668 2459 sa
683 2432 720 2468 =1
741 2441 803 2471 pro
824 2432 961 2460 essencia
982 2432 1125 2467 specifica
1144 2430 1185 2465 Ες
1210 2432 1246 2458 ib.
1270 2416 1370 2459 ssia:
1386 2431 1564 2459 substancia
1579 2438 1640 2466 pro
1662 2430 1803 2466 specifica
1822 2430 1885 2457 BD.

570 2468 614 2502 25,
636 2469 682 2495 26.
705 2468 819 2495 scilicet
838 2468 1000 2494 formalem
1023 2467 1057 2494 D.
1131 2473 1176 2501 27.
1197 2467 1281 2494 alteri
1301 2468 1339 2494 A.
1412 2466 1457 2494 28.
1479 2466 1517 2493 ali
1544 2474 1613 2493 uam
1634 2465 1671 2493 D.
1745 2472 1792 2500 29.
1813 2465 1886 2492 sub-

572 2503 758 2530 stancialiter
777 2502 861 2529 deest
879 2501 916 2535 E;
939 2501 1188 2530 substancialiter
1209 2501 1238 2529 id
1259 2502 1292 2528 B.
1367 2499 1412 2528 30.
1436 2502 1489 2528 liec
1503 2502 1531 2528 A
1561 2500 1603 2534 C;
1624 2500 1663 2527 ib.
1680 2500 1887 2535 presupponit

572 2538 612 2571 C;
634 2537 671 2564 ib.
693 2546 759 2564 esse
778 2538 862 2564 deest
885 2537 920 2563 Ι).

646 2633 696 2665 13,
722 2633 891 2664 Autorem
919 2641 983 2664 sex
1002 2632 1277 2672 principiorum.
1307 2632 1437 2663 Gilbert
1463 2631 1505 2662 de
1530 2630 1562 2662 la
1588 2630 1709 2661 Poree.
1763 2628 1812 2661 15.
1831 2629 1885 2660 Ad

573 2679 677 2710 Clior.
703 2677 739 2709 60
765 2678 891 2709 should
914 2678 956 2709 be
982 2679 1034 2709 Ad
1062 2677 1291 2710 Timotheum
1317 2679 1374 2721 Vt,
1403 2678 1432 2710 3.
1475 2677 1508 2708 Si
1536 2677 1614 2718 quis
1655 2676 1755 2707 aliter
1787 2676 1887 2707 docet

574 2731 606 2756 et
633 2736 701 2756 non
732 2725 930 2766 acquiescet
967 2725 1060 2755 sanis
1085 2724 1309 2756 sermonibus
1335 2724 1473 2755 Domini
1508 2723 1613 2754 nostri
1638 2723 1719 2754 Jesu
1746 2721 1884 2761 Christi,

574 2777 605 2802 et
632 2772 673 2813 ei,
700 2781 790 2812 quae
815 2771 1009 2802 secundum
1035 2771 1197 2813 pietatem
1224 2777 1284 2811 est,
1312 2771 1497 2802 doctrinae.
