2148 3330
199 839 236 859 10

200 1119 236 1151 15

199 1425 239 1446 20

199 1703 239 1735 25

199 1995 241 2025 30

254 196 341 223 CAP.
362 196 414 221 TV·
684 198 741 228 DE
771 197 966 229 AC'FlssUs
995 198 1149 229 ANIME.
1777 202 1852 239 119

253 305 509 355 caliditatem,
556 303 777 340 siccitatem
824 313 861 341 et
905 317 1140 353 quecunque
1174 314 1303 342 cetera
1337 306 1567 343 accidencia

252 375 329 411 que
371 371 463 399 sunt
508 362 545 398 in
591 361 681 410 igne
725 361 808 398 sine
854 362 982 398 forma
1027 363 1288 399 substanciali
1334 363 1423 410 alia,
1471 364 1565 412 quid

209 431 222 443 ἢ
251 421 449 458 sufficeret
481 420 579 468 ignis
612 429 746 456 noster
774 415 779 472 Ι
808 421 936 456 facere
970 422 1077 467 quod
1116 421 1193 457 tale
1231 434 1310 457 non
1343 422 1566 458 sufficeret?

310 481 418 528 Item,
451 478 556 514 iuxta
590 478 694 515 istud
724 478 901 526 sequitur
935 478 1136 515 neminem
1171 478 1387 527 quicquam
1422 479 1566 516 infalli-
1593 487 1704 520 Agam,
1726 486 1755 513 in
1777 487 1838 513 this

253 537 381 572 biliter
421 549 537 584 posse
576 536 696 573 scire:
737 538 844 584 quod
884 545 941 572 est
981 535 1226 584 inpossibile,
1267 545 1408 574 octavo
1448 537 1563 574 libro.
1627 521 1805 583 ῖῇἓζζῐζῇιῗῃ

253 597 299 630 Et
332 594 626 643 consequencia
659 594 714 630 sic
748 596 952 641 probatur.
987 594 1130 630 Omnis
1164 595 1463 631 demonstracio
1497 608 1565 632 na—
1627 590 1806 652 ¹¹¹¹?V‘gffigge

251 653 389 689 turalis
422 662 479 689 est
512 654 560 689 ab
593 651 834 700 apparencia
866 651 1054 689 sensitiva
1088 652 1250 688 effectus
1280 653 1565 690 convincientis
1592 660 1772 698 disappear;
1796 659 1842 686 foi·

251 710 334 747 eius
379 723 561 752 causam:
607 712 674 747 sed
713 723 792 745 non
833 719 890 747 est
923 709 1111 758 possibile
1144 711 1262 746 talem
1304 710 1566 748 infallibiliter
1594 694 1837 765 xx-cefflijissggquitsa

253 769 512 805 concludere:
547 769 666 816 igitur
689 776 763 805 ete.
796 768 926 804 Minor
949 770 1142 816 probatur
1165 781 1209 804 ex
1232 768 1439 816 opinione:
1471 782 1562 805 nam
1605 763 1781 826 etiiiir'seissg
1803 771 1836 790 ²¹⁵

253 828 468 863 secundum
505 826 737 874 opinionem
772 827 903 863 omnis
936 826 1107 874 qualitas
1142 825 1273 873 prima
1306 836 1343 863 et
1375 828 1562 871 secunda,
1615 834 1821 872 inum-essions

253 884 470 933 spiritualis
503 885 561 920 vel
597 884 831 932 corporalis,
873 884 982 921 sicud
1017 883 1146 921 omnis
1180 884 1382 932 quantitas
1414 885 1474 921 vel
1508 868 1846 930 re-1·1f¹(}ffi¹¹2t10fc³jsfi³gg{is

253 944 373 979 licum
422 942 604 979 accidens
651 943 756 990 quod
797 950 854 978 est
893 942 933 978 in
975 942 1123 978 mundo
1165 951 1299 990 posset
1336 956 1496 979 manere
1530 951 1567 979 et
1598 938 1764 999 δυῖζὲξὲξὲζ
1784 946 1841 998 awo

1768 993 1774 1006 7

253 1014 368 1048 agere
401 1001 512 1037 sicud
559 1000 691 1046 modo,
737 1013 825 1036 cum
873 1001 947 1036 hoc
992 1002 1099 1048 quod
1143 1008 1250 1036 totus
1287 1002 1458 1037 mundus
1503 1007 1671 1037 co-could
1694 1011 1745 1034 not
1766 1008 1857 1045 imqw

254 1068 518 1106 rumperetur,
554 1058 608 1095 sic
642 1058 748 1106 quod
780 1071 860 1094 non
894 1067 995 1095 esset
1028 1057 1103 1094 alia
1138 1057 1212 1094 nisi
1246 1059 1342 1095 deus
1372 1067 1409 1095 et
1435 1040 1857 1104 h0n10.“'¹1³,{,¹1¹¹{s0‡{1¹2¹51‘3¹d

255 1120 302 1153 Et
325 1126 476 1153 certum
503 1125 559 1153 est
583 1118 688 1164 quod
712 1117 834 1152 homo
859 1125 952 1153 tunc
976 1117 1154 1153 crederet
1178 1116 1303 1152 solem
1338 1126 1375 1152 et
1409 1116 1568 1155 celestia
1669 1119 1771 1138 occur.
1806 1108 1812 1111 ”

254 1188 350 1217 esse.
397 1184 439 1211 ut
486 1176 605 1210 modo
652 1171 836 1226 [eodem]
885 1176 1064 1211 crederet
1107 1182 1201 1211 nata
1241 1174 1497 1222 coruptibilia
1532 1184 1569 1211 et

255 1242 389 1269 eterna
421 1245 523 1277 esse;
557 1241 600 1268 ut
635 1233 754 1268 modo
789 1234 927 1269 eodem
963 1232 1125 1269 sentiret
1158 1231 1293 1279 frigus,
1329 1233 1501 1269 calorem
1532 1242 1570 1269 et

254 1290 390 1327 omnia
435 1290 663 1327 accidencia
710 1303 786 1339 que
833 1292 951 1326 modo
997 1289 1134 1334 sentit3
1180 1289 1306 1326 immo
1350 1291 1570 1328 nutriretur

256 1362 324 1397 per
357 1350 455 1385 dura
488 1348 635 1385 cibaria
670 1361 745 1397 que
779 1357 1102 1385 converterentur
1134 1347 1174 1383 in
1214 1348 1446 1386 accidencia
1479 1362 1567 1385 cum

256 1407 398 1455 quibus
423 1419 494 1443 sua
518 1406 652 1443 anima
676 1407 931 1455 copularetur
964 1419 1064 1454 eque
1096 1407 1250 1453 ydonee
1280 1406 1393 1443 sicud
1427 1409 1569 1449 modo;

256 1478 378 1513 quare
412 1464 531 1512 igitur
563 1478 643 1501 non
676 1465 805 1502 forent
837 1464 931 1501 talia
964 1463 1192 1501 accidencia
1216 1472 1348 1512 partes
1372 1464 1445 1509 sui,
1480 1478 1569 1501 cum

257 1536 325 1571 pet·
370 1523 436 1559 illa
482 1523 654 1559 sufficiat
698 1524 917 1571 ambulare,
962 1522 1105 1569 ridere,
1150 1530 1187 1559 et
1225 1522 1396 1559 breviter
1434 1536 1571 1571 quem-

257 1594 413 1629 cunque
446 1590 576 1617 actum
614 1594 852 1628 corporeum
887 1582 947 1617 vel
980 1580 1261 1628 incorporeum
1297 1581 1426 1617 facere
1460 1581 1572 1617 sicud

258 1639 400 1676 modo?
433 1641 521 1676 Non
545 1639 665 1687 igitur
687 1640 816 1675 solum
847 1648 949 1676 esset
978 1638 1125 1685 anima,
1150 1640 1219 1674 sed
1251 1651 1373 1674 unum
1409 1652 1569 1688 compo-

256 1698 389 1736 situm.

314 1755 585 1792 Confirmatur
636 1755 862 1802 tripliciter3
921 1755 1052 1802 primo
1105 1755 1173 1794 sic.
1233 1756 1569 1803 Quandocumque
1602 1759 1843 1792 For(1)nature

256 1823 397 1850 natura
431 1822 558 1861 potest
591 1825 680 1848 cum
715 1813 971 1860 paucioribus
1006 1812 1147 1849 mediis
1180 1812 1219 1848 in
1250 1812 1368 1848 finem
1394 1812 1567 1860 aliquem
1585 1793 1860 1863 dffffiffss'cteiffissy’i

257 1884 335 1907 non
371 1871 607 1919 multiplicat
640 1871 767 1918 plura,
803 1884 891 1907 cum
927 1884 1005 1907 non
1040 1870 1088 1907 sit
1124 1870 1315 1918 superflui
1354 1870 1568 1918 operatrix.
1587 1862 1859 1925 ¹³]“i{¹bf¹{¹{gs{¹[jtt³<¹i¹¹

257 1929 333 1966 Sed
366 1938 508 1965 natura
542 1938 672 1976 potest
704 1930 834 1966 facere
867 1930 921 1965 ita
955 1931 1102 1965 bonum
1135 1930 1327 1964 mundum
1362 1939 1399 1964 et
1431 1928 1567 1965 utilem
1592 1934 1661 1968 incy
1683 1919 1853 1963 couid'iust

257 1988 316 2024 vel
350 2000 570 2035 congruum
606 2000 676 2023 suo
711 1987 792 2032 fini,
839 1987 910 2024 etsi
950 2000 1028 2023 non
1075 1988 1270 2034 producat
1311 1999 1371 2023 res
1405 1987 1570 2023 latentes
1627 1968 1759 2029 Ᾰζῗᾶἶζζιὲ
1779 1967 1820 2027 ἓξ

257 2045 463 2081 distinctas
509 2059 530 2082 a
574 2045 724 2081 vocatis
769 2044 1056 2092 accidentibus,
1106 2054 1148 2080 ut
1192 2044 1372 2092 sequitur
1416 2057 1459 2080 ex
1503 2044 1570 2080 illa
1647 2037 1802 2064 ²¹⁶0³d⁶¹¹¹³

1656 2073 1785 2098 without

257 2103 465 2151 opinione:
510 2103 628 2151 igitur
672 2103 881 2151 superfluit
926 2104 1073 2139 addere
1113 2103 1239 2150 plura.
1293 2102 1424 2138 Minor
1463 2110 1571 2149 patet
1626 2107 1817 2153 substances.

257 2174 300 2198 ex
333 2162 407 2197 hoc
440 2163 546 2209 quod
580 2161 766 2197 omnibus
789 2161 1061 2198 accidentibus
1083 2160 1260 2205 servatis,
1279 2159 1456 2207 coruptis
1480 2161 1571 2196 sub·
1621 2141 1824 2203 ζιέζὸῗὲζξὲζζά

257 2218 417 2255 stanciis
452 2233 527 2267 que
560 2228 650 2255 sunt
684 2219 724 2255 in
759 2219 921 2263 mundo,
955 2232 1034 2255 non
1068 2228 1125 2255 est
1149 2218 1378 2266 fingendum
1408 2217 1571 2265 aliquod
1676 2211 1772 2238 exist?

201 2277 432 2315 Yofficium
486 2278 619 2325 quoad
673 2276 894 2317 accionem,
948 2279 1130 2313 decorem
1177 2276 1362 2319 universi,
1417 2276 1474 2312 vel
1520 2277 1570 2311 ad

258 2335 600 2383 complacenciam
647 2335 722 2379 dei,
768 2335 865 2383 quin
899 2344 1041 2371 vocata
1079 2333 1308 2370 accidencia
1342 2333 1571 2370 sufficerent

258 2394 298 2429 in
331 2393 438 2431 illud.
479 2396 620 2443 Immo,
654 2405 742 2429 cum
778 2393 882 2429 idem
918 2392 957 2428 in
990 2405 1159 2428 numero
1191 2392 1240 2428 sit
1273 2391 1480 2439 quodlibet
1514 2391 1570 2427 sic

259 2451 574 2499 multiplicabile,
615 2451 826 2499 superfluit
864 2463 1013 2498 ponere
1053 2450 1177 2486 multa
1213 2449 1473 2485 numeraliter
1505 2450 1571 2485 de-

329 2575 357 2597 4.
380 2565 444 2593 MS.
467 2554 558 2591 ineffi.
613 2573 639 2591 7.
661 2564 726 2592 MS.
748 2554 914 2591 coniciens.
973 2562 1014 2589 io.
1036 2562 1100 2589 MS.
1122 2562 1229 2588 eodem
1250 2561 1342 2587 deest.
1399 2561 1438 2586 ni.
1457 2559 1570 2593 17.MS.

259 2605 344 2627 corua
364 2605 393 2627 et
413 2603 462 2626 eta.
523 2608 560 2634 17.
583 2599 647 2627 MS.
670 2607 740 2626 cum
762 2606 822 2634 pro
843 2598 962 2625 eodem.
1020 2604 1063 2632 27.
1085 2596 1150 2623 MS.
1172 2596 1269 2630 ahqor.
1333 2594 1381 2627 31.
1403 2594 1468 2622 MS.
1490 2594 1571 2620 enim

254 2643 316 2670 pro
337 2643 410 2662 non.

332 2706 477 2739 26--28,
508 2707 808 2748 Quandocumque.
835 2704 922 2736 This
954 2703 1124 2745 principle
1158 2712 1229 2733 was
1262 2702 1372 2732 called
1407 2700 1572 2731 Ockam's

261 2764 360 2785 razor
398 2753 451 2784 for
488 2755 618 2796 getting
655 2754 706 2784 rid
745 2752 785 2783 of
819 2750 1039 2793 superfluous
1066 2749 1213 2780 entities.
1240 2750 1271 2778 It
1297 2749 1325 2779 is
1352 2746 1486 2787 usually
1513 2753 1573 2788 put

262 2799 358 2832 thus:
386 2799 540 2834 Frustra
558 2801 606 2842 fit
629 2810 696 2840 per
716 2800 835 2841 plura,
864 2797 960 2840 quod
979 2806 1047 2839 per
1069 2795 1243 2838 pauciora
1261 2793 1348 2836 fieri
1367 2796 1497 2833 potest.
