2148 3330
261 184 349 212 CAr.
370 177 421 212 111.
685 189 744 220 DE
773 189 969 221 ACTIBUS
997 190 1151 221 ΑΝΙΜΕ.
1820 192 1866 230 51

261 303 392 330 actum
419 293 551 330 anime
576 294 777 338 terminat,
812 295 994 343 quamvis
1027 308 1107 331 non
1141 295 1179 331 in
1213 295 1373 332 racione
1407 295 1575 332 subiecti

260 351 442 399 primarii
481 352 570 387 talis
611 361 739 400 actus;
788 365 875 388 cum
917 353 973 389 sic
1011 353 1226 390 terminare
1266 362 1399 389 actum
1434 352 1577 389 intelli-

259 410 376 457 gendi
401 409 450 445 sit
474 421 555 446 esse
577 409 674 446 illud
707 412 814 458 quod
848 410 1126 459 principaliter
1159 411 1476 459 apprehenditur
1509 410 1577 446 illo

259 475 363 516 actu,
387 467 498 504 sicud
521 477 610 504 sunt
635 468 875 505 universalia
899 477 1080 516 respectu
1103 478 1263 505 actuum
1284 468 1576 512 communium,

226 529 295 561 bet
326 524 545 573 singularia
578 535 760 574 respectu
794 535 954 563 actuum
982 526 1259 574 singularium.
1294 529 1334 562 In
1359 528 1434 563 hoc
1459 526 1578 575 igitur
1599 531 1687 570 Thus
1708 532 1863 571 acqideuts

258 583 485 620 substancie
517 584 576 620 vel
609 584 796 628 essencie,
832 597 908 632 que
943 584 1185 621 conveniunt
1225 597 1294 632 per
1332 597 1372 621 se
1412 584 1578 621 existere
1634 567 1835 633 Ξίιῖξῖἃῒῐξὲζζ

257 642 391 688 quoad
436 653 528 678 suas
573 641 931 689 individuaciones,
977 642 1166 678 differunt
1203 644 1252 678 ab
1291 642 1576 689 accidentibus,

257 700 364 746 quod
388 698 472 746 ipse
495 712 576 735 non
604 699 904 736 individuantur
938 713 958 735 a
992 708 1174 748 tempore
1208 700 1341 748 quoad
1361 700 1470 749 fieri,
1505 712 1577 737 nec
1634 705 1682 732 for
1701 705 1727 733 it*
1744 707 1829 753 souis

257 757 391 804 quoad
424 769 526 796 esse:
563 756 618 793 sic
651 758 772 805 quod,
807 757 837 793 si
872 758 1007 794 eedem
1043 757 1176 794 anime
1210 757 1385 794 redirent
1418 758 1456 794 in
1489 770 1577 806 per·
1592 740 1869 809 tffioeugginffitbuggiietsq

204 829 241 849 10
258 826 402 862 magno
449 827 555 851 anno
601 815 778 851 Platonis
828 815 1053 864 quantitate
1098 816 1151 864 36
1198 815 1309 851 milia
1362 828 1576 860 annorum,
1605 810 1857 871 1¹{f1{}Va‘}1‘,¹¹edjss³C

256 880 460 909 actuantes
493 872 573 909 sive
607 873 773 910 eandem
810 873 1018 910 materiam
1051 873 1131 910 sive
1155 873 1367 917 diversam,
1403 873 1577 909 redirent
1617 880 1759 917 number,
1781 884 1846 918 riot-

256 929 361 966 idem
408 930 588 967 homines
633 943 816 980 numero,
862 940 899 968 et
942 932 1281 979 corespondenter
1328 933 1374 967 de
1413 931 1577 980 quibus·
1619 914 1843 983 Ὲξὴῗὲᾗὲἓιὲξ

257 1000 412 1035 cunque
445 987 585 1024 formis
618 989 954 1025 substancialibus
987 989 1260 1025 redeuntibus.
1690 983 1772 1010 time.

315 1046 457 1082 Utrum
492 1054 623 1082 autem
659 1047 788 1083 forma
821 1046 1103 1083 substancialis
1135 1047 1260 1095 possit
1284 1047 1411 1083 redire
1435 1047 1574 1083 eadem
1653 1052 1805 1092 Therirst

202 1108 437 1149 15numero,
473 1113 530 1140 est
564 1104 728 1141 alterius
760 1104 928 1153 negocii.
978 1107 1032 1140 Ex
1065 1105 1252 1141 omnibus
1286 1104 1370 1141 istis
1403 1104 1576 1141 narratis
1609 1088 1849 1155 jss‘fflffissffissffi,

254 1170 364 1209 patet
403 1163 511 1210 quod
551 1162 682 1198 omnis
722 1162 992 1199 individuacio
1026 1172 1214 1199 causatur
1247 1176 1268 1199 a
1302 1163 1433 1210 primo
1466 1162 1574 1210 prin-
1591 1156 1869 1227 comqsig’uffitera

255 1218 373 1267 cipio,
414 1220 521 1268 quod
560 1233 640 1256 non
679 1220 841 1269 proprie
881 1229 938 1257 est
969 1221 1232 1265 individuum,
1279 1220 1372 1269 quia
1405 1233 1486 1257 non
1520 1229 1576 1257 est
1609 1226 1741 1273 species,
1756 1226 1782 1253 is
1804 1231 1856 1253 not

254 1290 324 1325 per
357 1290 396 1314 se
429 1278 489 1314 vel
522 1290 592 1326 per
625 1278 810 1315 accidens
843 1279 882 1315 in
916 1278 1051 1327 aliqua
1084 1279 1229 1327 specie.
1627 1261 1830 1323 Ἧῑέἳξῖἑζῇῃ

314 1337 360 1371 Et
395 1348 437 1372 ex
471 1335 554 1372 istis
588 1345 696 1384 patet
729 1337 937 1385 responsio
971 1337 1019 1373 ad
1052 1337 1268 1373 secundam
1294 1336 1572 1373 difficultatem
1604 1377 1608 1381 .
1670 1342 1699 1375 h)
1722 1343 1745 1381 It
1765 1342 1791 1369 is
1818 1377 1822 1381 v

198 1409 239 1430 20
254 1401 291 1429 et
321 1393 492 1430 formam
528 1394 740 1442 compositi
774 1395 1018 1442 argumenti:
1052 1395 1147 1443 quia
1179 1407 1200 1430 α
1235 1403 1347 1431 actus
1373 1394 1487 1442 ponit
1512 1407 1574 1430 me
1598 1377 1868 1438 ζιῗὲρξέῐῗὲιξςξοῑᾎ

253 1450 308 1487 sic
331 1451 551 1499 intelligere
575 1453 782 1489 Socratem
818 1462 854 1488 et
887 1453 955 1489 illa
989 1466 1065 1501 que
1099 1462 1368 1489 consecuntur
1402 1453 1451 1489 ad
1483 1454 1572 1498 hoc,
1607 1454 1715 1507 recugyz
1728 1447 1857 1508 {lerceause

253 1508 355 1546 inter
378 1522 453 1558 que
480 1523 604 1546 unum
645 1510 896 1547 individuans
930 1511 1041 1547 illum
1077 1520 1210 1547 actum
1246 1519 1315 1557 est,
1351 1511 1458 1558 quod
1491 1510 1574 1558 ipse
1619 1516 1785 1543 conscious
1807 1516 1842 1554 of

252 1576 347 1603 tunc
380 1567 529 1616 incepit
561 1581 657 1607 esse.
709 1570 791 1605 Nec
822 1568 935 1606 video
969 1570 1077 1617 quod
1117 1577 1219 1605 esset
1251 1568 1442 1617 possibile
1473 1568 1574 1604 duos
1607 1550 1845 1620 Εξξέρὲξέῗῖὲ

253 1633 363 1662 actus
387 1625 474 1662 elici
498 1639 571 1674 pro
596 1626 735 1662 eodem
760 1626 923 1663 instanti
951 1627 1155 1663 simillime
1187 1627 1319 1675 primo
1352 1627 1398 1663 de
1431 1627 1572 1663 eodem
1604 1620 1847 1690 rgcidffintgmiiie

196 1687 234 1720 25
253 1683 423 1730 obiecto,
448 1693 484 1721 et
507 1685 546 1720 in
570 1684 708 1721 eodem
734 1685 923 1723 subiecto.
958 1687 1080 1721 Actus
1103 1685 1209 1722 enim
1236 1693 1403 1733 possunt
1426 1685 1572 1721 habere
1600 1690 1671 1728 time
1694 1690 1795 1737 1κνουῐεί
1820 1690 1855 1716 be

253 1750 385 1789 partes
409 1751 445 1778 et
470 1755 552 1779 esse
575 1742 871 1791 quantumlibet
893 1743 1054 1789 similes,
1090 1743 1184 1779 dum
1207 1756 1309 1779 unus
1332 1742 1573 1779 terminatur
1612 1724 1843 1786 ἀξιῗξιξὲξῆἓὲἒ

253 1800 303 1836 ad
335 1812 457 1836 unam
492 1809 646 1849 partem
664 1800 784 1848 primi
818 1800 980 1848 obiecti,
1015 1810 1052 1837 et
1082 1801 1183 1837 alius
1207 1801 1256 1837 ad
1280 1801 1422 1848 aliam3
1456 1800 1570 1836 sicud

253 1866 363 1905 patet
408 1859 456 1894 de
500 1858 654 1895 actibus
699 1858 859 1895 videndi
905 1869 941 1896 et
986 1858 1259 1907 ymaginandi.
1313 1861 1361 1894 Et
1401 1871 1445 1895 ex
1488 1858 1572 1895 istis

252 1915 408 1952 videtur
442 1916 650 1964 probabile
683 1917 791 1965 quod
823 1929 896 1953 nec
930 1926 1042 1954 actus
1076 1926 1349 1965 peccatorum,
1391 1928 1464 1953 nec
1505 1916 1572 1952 illa

196 1977 237 2008 '30
253 1982 417 2021 peccata
440 1987 517 2022 que
550 1983 642 2011 sunt
675 1974 925 2022 privaciones
959 1976 1127 2012 redeunt
1156 1975 1196 2011 in
1220 1977 1359 2011 eodem
1385 1987 1570 2020 numero,

253 2032 392 2068 saltem
426 2032 501 2068 nisi
535 2033 682 2069 fuerint
715 2033 970 2073 communia:
1005 2034 1052 2070 de
1085 2033 1231 2082 quibus
1266 2032 1451 2070 concedit
1476 2032 1571 2068 Lin-

253 2089 465 2126 colniensis
505 2092 612 2139 quod
652 2103 732 2127 non
771 2092 901 2128 solum
948 2104 1073 2127 unum
1120 2104 1243 2139 genus
1288 2090 1457 2140 peccati,
1503 2091 1573 2126 sed

252 2149 530 2197 qualecunque
575 2158 801 2197 peccatum,
847 2158 979 2198 potest
1020 2149 1149 2186 redire
1182 2150 1286 2185 idem
1322 2150 1454 2197 quoad
1480 2149 1571 2184 sub-

105 2205 221 2240 F.s›2¹>
251 2205 397 2242 iectum
445 2215 482 2242 et
525 2207 750 2253 materiam,
796 2204 1135 2260 vellsubiectum‚
1189 2208 1257 2244 sed
1301 2219 1382 2243 non
1435 2207 1569 2255 quoad

195 2265 234 2298 35
252 2272 410 2311 tempus
443 2263 711 2301 individuanS.

309 2323 425 2358 Unde
469 2322 678 2370 probabile
722 2322 878 2358 videtur
924 2324 1031 2371 quod
1077 2335 1196 2359 omne
1245 2322 1430 2358 accidens
1482 2333 1570 2369 per·
1603 2328 1672 2367 itis
1717 2328 1845 2366 robamy

254 2392 418 2416 manens
450 2381 511 2416 vel
543 2379 811 2417 successivum
846 2380 1118 2417 individuatur
1151 2394 1171 2416 a
1197 2379 1492 2428 quandalitate:
1527 2387 1569 2414 ut
1590 2367 1858 2426 ,Ῐζξὲᾕξάᾚζιῇζῖἶξ

253 2437 456 2484 quantitas
480 2438 664 2486 qualitas,
698 2437 845 2474 relacio
870 2447 959 2483 etc„
994 2438 1049 2474 sic
1073 2440 1180 2486 quod
1206 2438 1285 2474 alia
1309 2447 1410 2474 esset
1443 2450 1569 2485 quan-
1607 2440 1666 2467 ‘¹¹¹3'
1687 2432 1835 2463 accident,

252 2495 343 2531 titas
376 2496 435 2531 vel
468 2496 653 2544 qualitas,
688 2496 720 2531 si
753 2496 1045 2543 produceretur
1078 2496 1116 2532 in
1150 2509 1231 2532 uno
1255 2495 1420 2532 instanti
1445 2507 1566 2543 quam

193 2565 236 2594 40
252 2552 281 2588 si
316 2554 607 2600 produceretur
640 2554 679 2589 in
713 2553 805 2590 alio.
839 2554 923 2598 Vel,
958 2555 1178 2590 secundum
1203 2553 1316 2599 alios,
1350 2562 1565 2601 antequam
1608 2570 1724 2605 though
1748 2578 1834 2598 some

252 2611 496 2658 producatur
535 2621 593 2648 est
638 2611 869 2648 indifferens
910 2621 1041 2648 utrum
1082 2612 1121 2647 in
1178 2625 1257 2648 uno
1296 2611 1462 2647 instanti
1507 2611 1567 2646 vel
1601 2605 1835 2667 ἑξςῑῐιᾎίωξῑῐῑῆἓᾶἱῧ

1582 2675 1666 2701 itself
1684 2674 1860 2713 indifferent

1654 2714 1684 2736 ῘΟ
1704 2713 1789 2735 Ume-

319 2800 363 2827 27.
387 2793 452 2821 MS.
473 2793 586 2828 primo.
