2148 3330
257 203 346 232 CAP.
367 203 389 230 1.
682 206 741 238 DE
769 206 962 239 ACTIBUS
990 207 1142 239 ANIME.

257 325 344 348 cum
370 310 499 347 omnis
524 312 709 359 potencia
742 313 1023 360 ymaginabilis
1052 313 1105 350 sit
1138 313 1267 351 activa
1302 315 1361 350 vel
1396 315 1564 362 passiva,

256 370 436 417 sequitur
468 371 575 417 quod
608 369 737 418 ipsum
773 372 892 407 talem
927 372 1055 407 solum
1091 371 1232 419 signet.
1268 371 1308 408 Si
1342 371 1464 419 igitur
1487 372 1566 409 alia

256 427 439 475 potencia
478 436 608 475 potest
647 441 742 473 esse,
785 429 844 465 vel
884 437 942 465 est
975 429 1042 465 illa
1076 429 1262 477 potencia
1303 429 1474 466 delibilis
1506 431 1566 466 vel

255 484 482 521 indelibilis.
532 485 571 521 Si
617 486 799 536 delibilis,
843 495 935 522 tunc
980 495 1110 534 potest
1154 500 1234 524 non
1280 499 1375 533 6556,
1422 496 1458 523 et
1498 501 1566 535 per

225 547 504 591 §consequens
548 552 678 591 potest
718 556 799 580 esse
839 545 946 592 quod
988 544 1074 592 ipsa
1106 557 1186 580 non
1220 554 1353 592 posset
1386 557 1482 589 esse,
1529 555 1565 581 et

256 600 310 636 sic
335 600 411 636 alia
435 600 602 648 agencia
626 611 791 649 possunt
815 601 1047 638 difficultari
1071 611 1266 650 quantum
1296 605 1347 639 ad
1379 604 1561 639 acciones

256 671 354 706 quas
399 667 565 705 possunt
609 659 752 705 facere,
798 659 853 695 sic
891 661 1000 707 quod
1039 673 1117 696 una
1149 660 1233 697 viee
1266 662 1314 696 de
1347 661 1561 697 difficiliori

256 725 422 763 possunt
455 717 583 752 facere
616 729 736 764 quam
771 717 868 762 alia3
903 719 1009 765 quod
1044 726 1238 765 repugnat
1271 718 1481 765 posicioni.
1525 718 1565 755 Si

256 782 388 809 autem
423 774 607 821 potencia
640 774 689 810 sit
723 775 950 818 indelibilis,
984 783 1078 811 tunc
1111 788 1193 811 non
1227 784 1283 811 est
1315 775 1390 813 nisi
1423 775 1463 812 in
1492 778 1565 812 dec

205 844 242 864 10
256 832 315 868 vel
352 832 518 868 materia
552 832 702 879 prima;
746 834 814 869 sed
855 834 929 869 hoc
963 845 1043 869 non
1077 833 1312 869 denominat
1345 834 1564 877 hominem,

257 889 350 937 quia
383 889 438 925 sic
471 889 637 937 quilibet
676 899 806 938 posset
840 890 879 926 in
912 890 1111 927 infinitum
1149 904 1338 939 magnum
1379 891 1565 929 effectum

257 947 507 998 naturaliter,
553 960 642 983 cum
689 949 877 996 potencia
922 961 965 984 ex
1011 961 1089 997 qua
1134 949 1190 985 sic
1231 958 1360 997 potest
1398 962 1478 985 non
1516 950 1567 986 sit

255 1005 440 1041 limitata.
474 1008 554 1041 Nec
587 1007 871 1043 denominatur
902 1019 963 1042 res
996 1007 1206 1054 potencior
1239 1016 1404 1055 propter
1427 1016 1565 1055 poten-

257 1062 364 1099 ciam
405 1062 616 1111 passivam,
663 1064 755 1112 quia
801 1073 912 1101 tanto
958 1073 1015 1100 est
1058 1064 1287 1101 substancia
1332 1065 1459 1101 activa
1494 1065 1566 1101 im-

206 1120 435 1168 15pedicior
475 1122 607 1168 quoad
647 1131 704 1158 est
743 1122 949 1170 passivior.
1003 1122 1123 1159 Sicud
1157 1122 1277 1170 igitur
1310 1135 1396 1159 sum
1434 1132 1566 1159 certus

256 1179 364 1226 quod
407 1191 479 1225 ego
512 1179 580 1225 fui,
620 1178 660 1215 in
694 1189 851 1216 tantum
887 1181 995 1228 quod
1028 1193 1109 1216 non
1142 1193 1304 1228 possum
1340 1180 1566 1217 discredere

256 1236 326 1282 illi,
372 1236 427 1272 sic
472 1245 529 1272 est
573 1238 788 1274 necessitas
830 1237 1006 1274 limitans
1053 1251 1114 1274 me
1159 1240 1207 1275 ad
1247 1238 1358 1274 illum
1401 1240 1564 1274 modum

256 1294 406 1330 sciendi
439 1294 541 1331 ultra
576 1296 739 1331 modum
773 1295 923 1332 sciendi
958 1296 1191 1344 contingens
1225 1297 1417 1342 futurum,
1459 1298 1566 1345 quod

256 1360 420 1399 propter
452 1361 637 1389 naturam
671 1353 729 1389 sui
763 1367 841 1390 non
877 1366 1038 1401 possum
1072 1354 1148 1390 nisi
1181 1354 1351 1402 opinari.
1394 1356 1440 1390 Et
1474 1367 1563 1390 cum

201 1410 311 1446 2osic
355 1410 547 1458 loquntur
591 1420 750 1447 autores
796 1413 842 1448 de
882 1424 998 1461 posse
1046 1411 1150 1448 idem
1201 1412 1430 1460 suppositus
1475 1421 1565 1460 post

257 1468 589 1504 declaracionem.

314 1527 403 1571 Quo
436 1526 657 1574 supposito,
694 1535 815 1564 restat
848 1528 1091 1575 respondere
1129 1541 1199 1576 per
1231 1528 1415 1564 ordinem
1449 1541 1565 1576 argu-

257 1582 412 1620 mentis.
447 1586 494 1619 Et
527 1584 659 1631 primo
692 1584 963 1633 premittenda
996 1594 1053 1621 est
1086 1585 1295 1622 distinccio
1325 1587 1372 1621 de
1395 1585 1565 1622 necessi-

256 1650 354 1686 tate3
378 1640 489 1677 sicud
513 1642 617 1678 enim
642 1655 779 1679 verum
804 1644 853 1679 ad
877 1643 1098 1690 veritatem,
1117 1653 1153 1680 et
1177 1656 1244 1679 ens
1269 1645 1318 1680 ad
1342 1644 1563 1687 entitatem,

200 1701 239 1733 25
256 1699 310 1735 sic
333 1699 603 1736 necessarium
621 1702 670 1737 ad
687 1700 965 1737 necessitatem
1005 1702 1135 1738 Omne
1158 1701 1278 1749 igitur
1293 1701 1561 1738 necessarium

257 1766 313 1793 est
351 1757 578 1800 necessitas,
618 1767 655 1794 et
694 1767 874 1796 econtra.
928 1758 1061 1795 Prima
1099 1768 1232 1795 autem
1268 1759 1564 1796 demonstracio

255 1815 469 1852 necessarii
503 1825 572 1860 est,
609 1818 715 1864 quod
749 1817 919 1864 quedam
955 1826 1012 1853 est
1027 1817 1243 1854 necessitas
1270 1817 1507 1866 simpliciter
1530 1826 1566 1853 et

255 1874 427 1921 quedam
473 1876 692 1910 secundum
739 1874 851 1923 quid,
895 1875 956 1911 vel
999 1887 1044 1911 ex
1088 1875 1337 1912 condicione.
1391 1877 1566 1912 Vocatur

255 1939 389 1967 autem
422 1930 657 1979 simpliciter
689 1932 917 1978 necessitas,
952 1933 1096 1969 veritas
1129 1946 1249 1981 quam
1280 1942 1439 1982 oportet
1463 1945 1565 1979 esse,

199 1992 239 2023 30
256 1997 292 2024 et
325 1988 391 2025 illa
425 1988 613 2026 dividitur
636 1989 675 2026 in
698 1991 921 2026 absolutam
958 2000 994 2027 et
1025 2003 1094 2039 per
1117 1991 1315 2027 accidens.
1340 1991 1566 2027 Necessitas

255 2047 437 2083 absoluta
477 2056 533 2083 est
573 2060 692 2095 quam
728 2057 886 2096 oportet
920 2050 985 2096 [et]
1031 2061 1189 2097 semper
1228 2049 1435 2097 opportuit
1469 2061 1565 2094 esse,

255 2112 296 2139 ut
330 2116 412 2140 esse
445 2106 584 2153 deum3
630 2114 666 2142 et
698 2106 912 2142 necessitas
945 2119 1015 2154 per
1048 2107 1232 2143 accidens
1266 2107 1412 2143 dicitur
1445 2119 1565 2155 quam

254 2161 333 2197 iam
365 2171 536 2209 oportet,
560 2164 626 2199 sed
653 2176 732 2199 non
755 2176 913 2212 semper
935 2165 1113 2212 oportuit
1143 2177 1246 2211 esse;
1280 2175 1322 2201 ut
1347 2178 1408 2201 me
1431 2165 1566 2201 fuisse.

256 2221 302 2255 Et
345 2221 527 2257 absoluta
572 2222 787 2258 necessitas
831 2222 991 2270 quidem
1039 2232 1096 2259 est
1139 2223 1282 2270 prima,
1328 2232 1371 2259 ut
1416 2224 1563 2259 “deum

200 2280 239 2312 35
256 2279 370 2313 esse2>
404 2286 441 2314 et
472 2279 645 2326 quedam
681 2288 813 2316 creata
846 2289 888 2316 ut
921 2281 1144 2316 “mundum
1180 2283 1308 2317 esse’2.
1348 2283 1396 2317 Et
1429 2293 1566 2317 causa-

323 2465 348 2484 2.
380 2458 444 2486 MS.
475 2458 657 2487 Aristotcles
686 2460 753 2487 alia.
862 2460 888 2495 3,
914 2469 943 2494 4.
973 2460 1082 2488 debilis
1104 2481 1110 2488 .
1132 2481 1136 2485 .
1163 2482 1168 2487 .
1190 2461 1333 2488 indebilis
1362 2461 1565 2497 everywhere.

254 2490 293 2519 31.
315 2492 378 2521 MS.
400 2497 427 2520 et
447 2493 542 2520 det-st.

325 2585 378 2608 21.
411 2576 716 2609 Declaracionem.
755 2578 840 2608 This
873 2585 1036 2610 sentence
1070 2579 1097 2610 is
1129 2585 1188 2610 not
1220 2585 1255 2610 to
1289 2579 1330 2610 be
1368 2580 1566 2611 construecl.

255 2622 265 2653 1
293 2629 434 2664 suspect
459 2622 532 2653 also
559 2622 631 2654 that
656 2623 752 2655 there
780 2624 807 2654 is
834 2634 852 2655 a
878 2634 943 2666 gap
970 2624 1188 2656 sornewhere
1214 2625 1248 2656 in
1273 2624 1332 2656 the
1362 2625 1564 2667 paragraph,

254 2678 293 2698 or
317 2668 391 2699 that
415 2668 473 2699 the
499 2674 569 2700 text
595 2670 621 2700 is
648 2676 806 2711 corrupt3
833 2670 886 2701 for
902 2671 960 2702 the
980 2672 1185 2702 conclusion
1204 2672 1272 2703 and
1290 2671 1348 2702 the
1374 2671 1566 2714 beginning

256 2715 300 2745 do
326 2721 385 2745 not
410 2725 503 2746 seem
530 2721 565 2746 to
590 2715 673 2746 hold
693 2716 862 2757 together.
962 2717 1014 2749 35.
1032 2716 1208 2749 Mundum
1228 2728 1313 2750 esse.
1336 2718 1469 2760 Wyclif
1483 2717 1565 2749 here

255 2761 379 2802 speaks
411 2760 451 2791 of
478 2760 536 2792 the
566 2762 654 2793 ideal
680 2762 794 2794 world
821 2762 936 2794 which
962 2763 1006 2794 he
1032 2764 1115 2794 calls
1141 2774 1159 2794 a
1186 2763 1332 2795 ‘created
1358 2763 1474 2795 truth'.
1501 2765 1565 2796 See

258 2807 397 2848 logica,
423 2807 490 2838 vol.
514 2808 568 2847 Ill,
596 2819 652 2850 pp.
675 2818 739 2849 224
765 2814 800 2840 to
827 2810 905 2850 end,
931 2810 996 2840 and
1028 2810 1276 2850 Introduction,
1304 2821 1335 2851 p.
1362 2811 1497 2840 XXXV.

1804 213 1850 252 71

1582 495 1630 522 All
1650 503 1755 530 power
1776 500 1858 523 must

1611 530 1646 556 be
1667 530 1764 569 active
1785 539 1820 556 or

1651 573 1786 597 passiva„

1634 1131 1646 1158 Ι
1669 1131 1744 1158 have
1765 1139 1803 1157 no

1609 1174 1714 1201 power
1734 1165 1831 1193 eit-her

1583 1209 1648 1237 way
1666 1205 1696 1227 to
1716 1200 1805 1228 think
1826 1201 1861 1227 of

1591 1244 1641 1269 my
1662 1240 1715 1262 not
1735 1236 1848 1270 having

1624 1267 1719 1298 been:
1741 1270 1812 1303 this,

1593 1305 1753 1336 therefore,
1776 1305 1801 1331 is
1823 1313 1837 1331 a

1605 1340 1758 1375 necessity
1777 1339 1840 1366 that

1612 1383 1684 1410 goes
1708 1375 1826 1410 beyond

1610 1409 1827 1445 contingency,

1593 1444 1695 1472 which
1715 1445 1741 1471 is
1762 1452 1844 1471 mere

1639 1483 1749 1506 matter
1767 1479 1801 1506 01·

1646 1514 1785 1548 opinion.

1614 1548 1627 1575 I
1647 1548 1722 1575 shall
1744 1556 1814 1575 11011·

1620 1591 1743 1611 answer
1762 1584 1811 1610 the

1586 1622 1765 1653 arguments
1786 1619 1848 1645 11151

1592 1657 1637 1680 set
1657 1653 1750 1686 forth,
1771 1653 1848 1679 after

1595 1687 1700 1723 giving
1718 1688 1844 1714 various

1603 1730 1708 1749 5611565
1728 1723 1763 1749 of
1779 1723 1827 1749 the

1581 1757 1666 1784 word
1688 1757 1857 1790 necessity:

1617 1800 1639 1818 1.
1665 1791 1821 1827 Complete

1642 1827 1743 1853 which
1765 1827 1791 1853 is

1622 1861 1761 1889 absolute
1780 1869 1815 1887 or

1646 1896 1775 1924 relative
1783 1905 1794 1929 ,⁴

1622 2232 1647 2259 if
1663 2232 1814 2266 absolute,

1605 2268 1776 2295 uncreated
1794 2275 1830 2294 01·

1645 2303 1771 2329 created
1777 2311 1788 2333 ,-

1657 2337 1782 2364 created

1587 2371 1739 2406 necessity
1758 2371 1848 2406 being

1621 2405 1820 2441 affirmative,
