2148 3330
283 223 373 251 CAP.
393 223 414 249 Ῑ-
708 226 767 257 DE
796 225 993 257 ACTIBUS
1022 226 1176 257 ΑΝΙΜΕ.
1842 231 1886 268 17

280 333 395 370 litum
428 332 681 381 splendidum
715 333 773 368 vel
807 332 1044 368 excellenter
1077 333 1315 378 coloratum,
1350 332 1451 368 foret
1484 340 1596 368 actus
1636 340 1699 367 Not
1719 341 1794 374 less;
1817 341 1866 368 for

280 390 442 428 videndi
480 390 699 438 remissior,
746 389 840 438 quia
873 398 1026 426 certum
1061 399 1118 426 est
1157 390 1378 426 secundum
1413 402 1597 438 perspec-
1658 374 1837 445 ῑῑέξῗξπζζγᾶ

280 449 380 485 tivos
413 458 451 485 et
483 447 752 496 experiencias
784 449 894 495 quod
926 447 1061 483 lumen
1095 448 1197 484 forte
1230 447 1271 484 in
1300 447 1446 484 talibus
1471 448 1596 484 multa
1630 445 1869 515 ἕὲξῑῆῑὶῑὲέῑῆῗέιῇ

280 506 450 543 visibilia
489 507 665 542 occultat
704 514 742 542 et
773 505 967 541 visionem
1008 505 1228 544 confundit.
1281 508 1329 541 Et
1369 518 1459 542 curn
1498 505 1597 542 visio
1612 514 1770 541 orcoiour
1786 515 1888 541 would

248 565 338 601 §est
369 564 576 609 intensior,
622 563 735 600 sicud
767 571 877 611 patet
911 575 954 599 ex
987 562 1069 599 eius
1102 563 1194 599 forti
1236 563 1513 612 impressione,
1560 572 1597 600 et
1625 549 1872 619 distigciizffrseeen

280 623 327 658 de
360 622 515 658 actibus
548 620 880 669 apprehendendi
914 620 1171 668 universalia,
1212 630 1270 658 est
1304 621 1435 658 maior
1467 618 1891 680 color31hg¹f¹¹eaftffig<gffte

279 693 371 716 nam
406 680 746 728 apprehendendo
780 678 949 727 figuram
984 678 1023 714 in
1057 679 1262 715 communi
1295 680 1367 715 sub
1395 680 1521 727 gradu
1554 688 1597 715 ut
1657 674 1846 726 con’trqdicts

280 747 384 783 octo,
418 747 528 786 patet
561 738 669 785 quod
694 736 954 785 percipiendo
979 745 1112 785 partes
1146 737 1361 774 intensivas
1394 746 1506 774 actus
1536 738 1598 773 vel
1657 730 1847 756 experience.

279 797 329 832 ad
372 795 524 843 species
568 796 629 831 vel
673 796 724 831 ad
768 794 975 831 individua
1021 794 1126 830 illius
1171 795 1328 843 generis
1376 796 1596 831 secundum

227 866 264 886 10
280 854 442 902 equales
488 862 524 889 et
569 852 851 901 appropriatas
896 852 1199 900 proporciones,
1243 853 1306 889 vel
1350 853 1452 889 foret
1490 862 1598 889 totus

279 920 391 948 actus
414 910 615 947 infinitum
640 910 835 955 intensus,
869 911 930 946 vel
954 910 1130 959 quelibet
1153 910 1243 947 talis
1268 924 1360 959 pars
1393 911 1596 947 infinitum

278 969 456 1008 remissa.
501 971 582 1005 Nec
614 969 718 1005 valet
751 968 883 1004 dicere
916 970 1024 1016 quod
1057 968 1233 1017 quelibet
1266 981 1359 1017 pars
1392 978 1504 1005 actus
1538 982 1599 1006 ex-

277 1027 468 1073 tenditur,
491 1026 603 1063 sicud
626 1028 676 1063 ad
699 1038 860 1062 omnem
886 1026 1061 1074 speciem
1084 1027 1145 1063 vel
1167 1026 1419 1063 individuum
1455 1027 1598 1075 figure3

278 1095 363 1121 tum
398 1085 492 1133 quia
524 1093 619 1121 tunc
652 1097 732 1121 non
767 1084 1109 1132 distinguerentur
1141 1097 1262 1133 penes
1301 1084 1473 1130 obiecta,
1512 1094 1597 1121 tum

226 1144 261 1177 15
278 1143 371 1192 quia
403 1152 499 1179 tunc
531 1155 613 1179 non
653 1142 855 1178 confusius
894 1142 1151 1190 signarentur
1189 1144 1262 1179 sub
1294 1142 1477 1191 partibus
1510 1156 1599 1191 par-

277 1201 444 1238 cialibus
476 1201 631 1237 actibus
654 1213 776 1248 quam
807 1200 1012 1249 totalibus,
1046 1213 1135 1237 cum
1161 1200 1363 1237 infinitum
1394 1201 1599 1237 confusius

130 1261 167 1292 F.
190 1261 247 1293 32⁸
276 1259 484 1307 signantur
516 1258 583 1295 illa
616 1271 736 1307 quam
769 1270 893 1306 genus
926 1258 1126 1306 signatum
1156 1255 1160 1312 Ι
1190 1260 1316 1307 gradu
1349 1268 1392 1295 ut
1424 1268 1529 1296 octo.

334 1317 538 1362 Similiter,
572 1316 604 1352 si
636 1325 748 1352 actus
789 1316 1048 1364 componitur
1085 1316 1141 1353 sic
1173 1316 1380 1364 intensive,
1415 1318 1595 1365 quando·
1640 1323 1736 1363 Ifihe
1758 1326 1857 1351 actor

277 1387 434 1423 cunque
465 1374 667 1411 videretur
705 1387 829 1410 unum
870 1375 1004 1411 album
1041 1387 1131 1411 curn
1166 1374 1258 1420 alio,
1300 1388 1343 1411 ex
1374 1374 1595 1411 visionibus
1616 1358 1885 1428 ῑῃῖἒὲξῗᾶθὴέἒῃς,

220 1444 262 1466 20
277 1445 416 1470 eorum
450 1433 561 1469 fieret
594 1445 672 1469 una
706 1432 920 1469 intensior:
967 1434 1075 1481 quod
1113 1442 1171 1469 est
1209 1432 1455 1481 inpossibile,
1501 1432 1595 1481 quia
1639 1429 1853 1493 thssgffiglbaem

275 1500 371 1528 tunc
415 1491 734 1539 apprehenderet
779 1503 862 1527 esse
907 1504 1030 1526 unum
1083 1492 1250 1539 duplum
1302 1491 1498 1528 intensive
1545 1492 1888 1537 adinfinitelyintense

275 1549 511 1585 utrumlibet
544 1548 721 1594 illorum,
756 1550 977 1585 secundum
1013 1548 1283 1586 intencionem
1309 1558 1436 1595 actus,
1470 1557 1507 1585 et
1539 1548 1595 1585 sic
1611 1535 1889 1606 Sssssissgeacssysffhffig

275 1607 477 1644 infinitum
512 1607 668 1643 intensa
700 1607 803 1643 foret
835 1606 945 1653 visio,
987 1606 1159 1644 videndo
1199 1608 1471 1656 quodcunque
1508 1606 1595 1643 uni·
1617 1605 1881 1673 hgrsggggffiguasllff

1787 1660 1804 1675 17

276 1666 421 1712 forme3
469 1665 580 1701 cuius
612 1665 842 1712 oppositum
878 1664 1118 1712 experimur,
1154 1678 1244 1701 curn
1278 1665 1451 1701 visiones
1487 1664 1596 1701 simi·
1652 1675 1852 1710 impression.

221 1723 374 1759 zfilium
412 1735 453 1759 se
486 1723 750 1760 confundunt.
784 1724 832 1758 Et
864 1722 996 1770 prima
1019 1722 1314 1771 consequencia
1336 1722 1492 1759 videtur
1524 1735 1598 1771 per

277 1782 365 1828 hoc,
410 1782 519 1829 quod
563 1782 614 1817 ad
659 1793 821 1817 omnem
867 1789 1060 1828 punctum
1107 1780 1261 1818 cerebri
1299 1780 1366 1817 ubi
1407 1790 1463 1817 est
1496 1793 1595 1817 visio

276 1839 395 1876 unius
427 1838 618 1888 visorum,
652 1847 710 1875 est
733 1838 831 1875 visio
855 1838 1147 1888 cuiuscunque:
1183 1848 1317 1889 igitur,
1352 1851 1442 1875 cum
1476 1851 1596 1875 omne

275 1906 413 1933 natum
449 1896 498 1933 sit
531 1896 721 1945 componi
754 1896 948 1933 intensive
987 1909 1031 1933 ex
1068 1898 1228 1943 talibus,
1267 1896 1448 1945 sequitur
1487 1897 1595 1945 quod

276 1968 400 1991 unum
435 1955 692 2003 componitur
725 1967 768 1991 ex
800 1954 962 1994 talibus.

220 2017 262 2048 30
335 2012 540 2058 Similiter,
573 2012 605 2049 si
638 2012 736 2049 visio
769 2012 820 2049 sit
852 2025 913 2049 res
946 2013 1128 2049 absolute
1162 2022 1334 2061 extensa,
1367 2022 1463 2049 tunc
1498 2025 1594 2061 que·
1622 2025 1649 2052 lt·
1666 2025 1766 2052 vision
1788 2026 1815 2053 is
1835 2034 1872 2053 an

275 2070 370 2107 libet
409 2083 500 2119 pars
538 2070 804 2119 quantitativa
842 2071 963 2119 primi
1001 2071 1060 2107 sui
1099 2071 1268 2108 subiecti
1307 2071 1593 2108 informaretur
1608 2060 1884 2123 ίξχξξῃεῖᾖῇῑὲᾚέὲ

276 2137 388 2176 parte
432 2128 505 2174 sui,
551 2138 587 2165 et
632 2141 721 2165 vere
765 2128 1097 2166 denominaretur
1128 2129 1283 2173 videns,
1323 2138 1360 2165 et
1393 2141 1464 2177 per
1497 2129 1883 2192 con-*viittl1ste11eastf2711113011

346 2280 386 2308 18.
408 2280 473 2308 MS.
495 2289 514 2314 4
533 2281 563 2307 in
584 2289 688 2315 marg.
764 2288 808 2315 27.
830 2280 895 2309 MS.
913 2270 1054 2316 omipro
1075 2289 1176 2307 omne.
1251 2279 1297 2308 30.
1321 2280 1383 2308 MS.
1406 2280 1419 2307 5
1439 2281 1470 2308 in
1491 2288 1593 2317 marg.

350 2363 400 2397 18.
424 2363 610 2397 Similiter.
637 2364 714 2395 The
740 2364 807 2395 line
834 2364 874 2395 of
891 2363 1050 2406 Vv'yclif's
1069 2371 1253 2406 argument
1279 2374 1362 2395 runs
1389 2363 1486 2395 thus:
1515 2363 1592 2396 The

276 2418 328 2442 act
353 2410 392 2441 of
413 2410 515 2453 sight,
543 2421 580 2442 as
605 2411 672 2442 itis
698 2410 833 2442 elicited
861 2411 895 2442 in
921 2421 985 2442 our
1011 2410 1117 2454 brain,
1143 2411 1240 2452 gives
1265 2420 1306 2441 us
1333 2420 1530 2442 awareness
1556 2410 1596 2441 of

275 2456 334 2489 the
361 2457 482 2489 colour
506 2467 599 2497 seen,
626 2458 899 2501 independently
925 2457 965 2488 of
993 2457 1035 2488 its
1062 2457 1143 2488 size.
1181 2457 1341 2498 Suppose
1374 2456 1442 2488 this
1469 2457 1593 2488 colour

275 2510 311 2534 to
337 2504 380 2535 be
406 2513 424 2534 a
450 2502 555 2535 white
582 2503 734 2543 surface;
767 2503 850 2535 each
884 2504 981 2545 point
1012 2502 1084 2534 that
1116 2504 1144 2534 is
1170 2502 1275 2534 white
1306 2513 1392 2544 goes
1423 2510 1460 2534 to
1491 2503 1591 2535 make

276 2560 322 2591 up
339 2550 397 2581 the
417 2550 580 2593 intensity
598 2549 638 2580 of
652 2549 720 2581 this
738 2560 944 2582 awareness
972 2550 1060 2581 Now
1078 2549 1107 2580 if
1120 2550 1145 2580 it
1163 2559 1254 2580 were
1272 2549 1379 2592 really
1398 2550 1589 2591 composed

276 2596 316 2627 of
350 2596 520 2627 intensive
557 2603 663 2639 parts,
702 2595 786 2628 each
824 2597 921 2638 point
960 2595 1018 2640 (of
1046 2594 1159 2627 which
1199 2595 1295 2627 there
1328 2596 1356 2626 is
1388 2606 1430 2627 an
1461 2594 1591 2627 infinite

277 2642 472 2683 multitude)
512 2642 747 2685 contributing
778 2652 795 2673 a
829 2644 957 2674 certain
989 2642 1151 2684 intensity
1182 2648 1219 2673 to
1251 2640 1310 2673 the
1344 2649 1406 2685 act,
1444 2641 1514 2673 this
1539 2649 1592 2673 act

277 2689 393 2720 would
412 2688 454 2719 be
473 2687 641 2731 infinitely
660 2689 804 2721 intense.
830 2689 885 2720 To
904 2689 987 2721 each
1006 2689 1103 2730 point
1120 2687 1217 2719 there
1236 2688 1355 2719 would
1375 2689 1589 2729 correspond

277 2744 295 2765 a
327 2735 452 2766 certain
486 2735 655 2766 intensive
688 2742 773 2777 part.
815 2754 855 2758 ——
894 2736 971 2767 The
1004 2735 1218 2766 adversaries
1251 2734 1368 2765 would
1403 2745 1448 2765 no
1481 2734 1591 2766 doubt

276 2791 413 2812 answer
436 2781 509 2812 that
533 2780 591 2812 the
618 2782 781 2823 intensity
813 2782 1033 2813 contributed
1061 2781 1104 2823 by
1132 2780 1215 2812 each
1242 2782 1341 2821 point
1372 2780 1412 2811 of
1433 2780 1490 2812 the
1517 2791 1590 2812 sur-

277 2827 350 2859 face
376 2828 404 2858 is
429 2826 598 2870 infinitely
624 2828 736 2860 small.

1434 2895 1449 2914 2
