2148 3330
788 244 1155 277 INTRODUCTION.
1701 233 1833 268 XXXI

245 352 311 403 “9.
344 353 526 402 Epistola
557 357 599 389 ut
630 354 783 389 videlur
813 351 973 388 fratrum
1005 352 1197 387 minorum
1220 351 1271 387 ad
1293 363 1450 401 papam,
1485 349 1593 398 quod
1615 347 1757 396 injuste
1780 346 1831 383 ab

105 422 360 458 universitate
392 422 605 458 Parisiensi
650 421 802 471 expulsi
846 430 948 464 sunt,
994 421 1087 457 data
1130 421 1290 457 Parisiis
1324 433 1347 470 9
1383 420 1472 458 Oct.
1515 428 1633 466 1255,
1667 430 1704 466 p.
1743 428 1831 466 107.

244 491 537 528 “Desideratur
563 493 782 538 pricipium
805 496 841 527 et
873 501 1020 537 magna
1047 503 1148 537 pars
1179 492 1298 539 hujus
1330 492 1533 535 epistolae.

245 561 341 599 “10.
374 561 559 610 Epistola
591 561 810 597 innocentii
843 560 895 597 IV
918 559 966 596 ad
1001 561 1218 608 religiosos
1250 559 1532 608 cujuscumque
1565 556 1831 607 professionis

105 640 143 668 et
175 631 338 677 ordinis,
384 643 434 667 ne
477 630 690 679 infringant
721 630 812 679 jura
844 630 1079 666 clericorum
1124 630 1423 680 parochialium,
1456 628 1548 664 data
1579 626 1747 676 Neapoli
1780 625 1832 661 IV

104 701 190 741 Kal,
223 701 320 739 Dec.
353 713 456 737 anno
490 700 743 750 pontificatus
775 701 843 749 110,
875 713 913 750 p.
951 710 1041 750 107.

242 770 339 810 “11.
371 771 554 820 Epistola
597 770 862 806 universitatis
906 770 1141 806 Parisiensis
1186 777 1326 805 contra
1364 771 1507 805 iratres
1540 766 1832 817 predicatores,

105 840 196 877 data
229 840 291 876 die
322 840 506 876 Mercurii
538 853 651 889 prox.
685 849 778 889 post
809 839 950 876 festum
984 839 1283 889 purificationis,
1325 849 1440 887 1253,
1474 851 1512 887 p.
1554 847 1643 884 109.

244 910 341 948 “12.
373 910 623 959 Compositio
667 910 768 945 inter
811 909 952 945 fratres
996 909 1250 959 predicantes
1295 916 1333 944 et
1383 908 1679 944 universitatem
1723 906 1831 941 Pari-

105 982 275 1017 siensem
308 980 425 1029 facta,
465 992 497 1017 1.
530 980 671 1023 Martii,
713 990 832 1028 1255,
866 993 903 1029 p.
942 991 1031 1018 122.

243 1050 340 1099 Ν13.
374 1049 602 1099 Appellatio
636 1049 802 1086 Walteri
848 1050 897 1085 de
929 1049 1118 1098 Walpole
1163 1057 1201 1085 et
1243 1048 1451 1084 multorum
1486 1048 1650 1083 aliorum
1683 1046 1831 1082 ordinis

102 1121 263 1156 fratrum
296 1120 591 1170 predicatorum
637 1119 686 1155 ad
731 1119 866 1155 sedern
900 1120 1163 1169 apostolicam
1212 1118 1262 1155 de
1295 1117 1533 1167 quibusdam
1567 1115 1829 1153 abusionibus

102 1199 140 1226 et
186 1189 487 1226 enormitatibus
532 1193 714 1239 (quorum
753 1189 947 1226 schedula
992 1202 1147 1225 annexa
1194 1197 1255 1225 est
1297 1189 1386 1224 huic
1433 1184 1711 1238 appellationi)
1756 1198 1830 1234 per

104 1260 394 1306 Gerengarium
430 1260 580 1296 ordinis
612 1260 844 1308 magistrum
877 1261 1119 1309 perpetratis
1153 1268 1191 1295 et
1222 1259 1415 1302 toleratis,
1450 1272 1487 1307 p.
1529 1268 1618 1305 113.

241 1330 336 1376 “14.
372 1331 573 1379 Excerpta
617 1343 665 1366 ex
694 1330 849 1378 Joanne
882 1330 932 1366 de
965 1330 1143 1365 Bathone
1188 1330 1225 1364 in
1258 1329 1433 1378 prologo
1466 1328 1746 1364 sententiarum
1780 1324 1830 1360 de

102 1400 241 1436 ordine
275 1400 458 1447 Carmeli,
491 1412 527 1449 p.
567 1411 654 1449 117.

242 1469 339 1517 “15.
373 1470 590 1505 Tractatus
623 1469 783 1505 Ricardi
814 1469 990 1506 Fitzrauf
1020 1469 1328 1519 Archiepiscopi
1362 1468 1602 1504 Armachani
1647 1466 1696 1501 de
1730 1478 1829 1514 pau-

103 1540 214 1588 perie
248 1539 470 1576 Salvatoris
504 1547 645 1575 contra
677 1539 820 1575 fratres
852 1539 1137 1582 mendicantes,
1171 1538 1238 1576 lib.
1265 1539 1345 1587 Vll,
1380 1552 1418 1587 p.
1458 1549 1548 1586 119.

242 1608 340 1648 ΝΙί).
371 1610 588 1645 Tractatus
633 1609 804 1645 Ushredi
851 1609 1034 1645 monachi
1079 1608 1360 1645 Dunelmensis
1404 1607 1454 1644 de
1500 1604 1828 1643 substantialibus

99 1678 265 1725 regulae
297 1679 555 1729 monachalis,
586 1692 626 1728 p.
660 1690 755 1728 291.

240 1748 335 1798 “17.
372 1748 478 1784 Idem
513 1748 562 1784 de
595 1748 844 1798 perfectione
877 1749 1034 1785 vivendi
1066 1750 1103 1784 in
1136 1749 1343 1796 religione,
1378 1761 1417 1797 p.
1451 1758 1547 1796 310.

239 1817 576 1863 “18.‘Quaedam
625 1819 796 1868 capitula
842 1818 891 1854 de
933 1831 1086 1855 summa
1119 1816 1387 1869 [theologiae]
1427 1817 1558 1852 fratris
1599 1816 1733 1852 Alvari
1779 1814 1827 1849 (16

100 1888 238 1924 ordine
271 1888 473 1931 minorum,
507 1901 545 1937 p,
580 1899 676 1937 331.

239 1957 336 2005 “19.
371 1957 580 2002 Quaedam
614 1957 785 2006 capitula
818 1957 1011 1993 Vincentii
1043 1957 1080 1993 in
1112 1957 1280 2007 speculo
1313 1956 1519 2000 historiali,
1554 1969 1592 2005 p.
1627 1955 1722 2003 416.

253 2026 334 2064 ‘20.
370 2027 658 2063 Determinatio
691 2027 861 2064 Wiclevi
901 2035 1041 2063 contra
1074 2027 1325 2076 Kyllingham
1359 2026 1625 2072 Carmelitam,
1664 2038 1701 2074 p.
1734 2036 1828 2072 419.

183 2093 204 2118 ss
239 2095 336 2134 “21.
371 2095 460 2131 Alia
491 2096 765 2132 determinatio
799 2104 939 2132 contra
971 2096 1162 2147 eumdem,
1196 2110 1233 2146 p.
1265 2099 1334 2136 ull,

238 2164 537 2202 “Desideratur
568 2176 715 2212 magna
741 2178 843 2212 pars
874 2167 990 2213 hujus
1021 2165 1409 2206 determinationis.’'

234 2234 259 2246 “
292 2234 382 2270 The
417 2234 575 2284 Corpus
606 2234 719 2273 MS.’'
753 2248 847 2283 says
882 2236 950 2274 Dr.
982 2235 1195 2286 Furnivall7
1230 2235 1291 2271 “is
1324 2249 1346 2271 a
1377 2235 1519 2272 vellum
1551 2235 1647 2271 folio
1682 2237 1823 2283 01427

97 2305 231 2340 leaves
263 2305 301 2340 in
334 2304 481 2340 double
514 2304 692 2340 columns
715 2306 943 2352 containing
964 2306 1080 2342 Latin
1102 2307 1286 2342 treatises
1310 2306 1346 2341 in
1375 2305 1556 2341 different
1586 2304 1725 2346 hands,
1758 2303 1829 2339 but

96 2373 158 2416 all,
193 2374 208 2408 I
240 2386 432 2422 suppose,
465 2373 565 2409 from
599 2374 707 2422 early
729 2375 766 2410 in
796 2375 860 2411 the
889 2370 970 2423 15¹¹]
995 2383 1172 2424 century.
1206 2375 1338 2424 Every
1361 2388 1467 2424 page
1491 2375 1562 2410 has
1587 2386 1607 2411 2
1634 2373 1824 2417 columns,

103 2455 151 2480 10
172 2443 307 2479 inches
329 2443 435 2491 high,
460 2443 535 2479 and
557 2443 694 2492 nearly
716 2456 738 2493 3
758 2444 894 2480 inches
917 2444 1058 2484 broad.
1072 2445 1162 2481 The
1176 2446 1331 2492 writing
1352 2445 1384 2481 is
1405 2445 1471 2481 full
1489 2444 1533 2480 of
1545 2443 1827 2481 contractions.

96 2512 187 2548 The
218 2511 354 2548 leaves
387 2524 455 2547 are
485 2511 588 2562 12¹]2
612 2513 748 2549 inches
771 2514 864 2561 high
887 2514 963 2550 and
996 2526 1020 2561 9
1043 2513 1186 2552 broad.
1216 2515 1336 2550 From
1359 2514 1441 2550 leaf
1468 2527 1475 2549 1
1495 2526 1541 2564 19
1566 2521 1605 2549 to
1629 2512 1712 2549 leaf
1731 2513 1825 2550 262.

97 2589 200 2617 most
231 2580 276 2617 of
301 2582 365 2617 the
399 2582 563 2631 chapter
594 2582 787 2631 headings
820 2583 942 2630 begin
964 2584 1054 2619 with
1084 2597 1106 2619 a
1128 2596 1288 2633 pennon
1310 2584 1388 2619 like
1408 2584 1431 2632 J
1454 2584 1691 2632 (johannes)
1725 2582 1824 2618 from

100 2661 119 2686 2
156 2657 196 2685 to
232 2649 313 2702 3¹l2
354 2651 491 2686 inches
535 2651 642 2699 long,
688 2651 793 2695 blue,
826 2653 918 2688 with
950 2666 972 2688 a
1001 2653 1150 2688 central
1182 2653 1250 2689 red
1284 2653 1360 2689 line
1392 2653 1429 2688 in
1463 2666 1485 2688 a
1516 2665 1676 2689 narrow
1706 2653 1824 2689 white

97 2731 233 2768 space,
266 2717 345 2755 tho'
367 2732 480 2755 some
502 2717 560 2768 J’s
592 2734 661 2756 are
685 2720 776 2757 blue
800 2722 892 2770 only
914 2734 961 2758 or
983 2722 1055 2758 red
1087 2722 1194 2773 only,
1228 2722 1500 2770 occasionally
1532 2722 1708 2759 relieved
1734 2723 1823 2761 with

97 2788 224 2824 white.
258 2789 349 2826 The
383 2789 458 2826 end
492 2789 627 2842 ofhthe
660 2789 743 2831 MS.
777 2791 848 2827 has
881 2804 1001 2841 gone,
1033 2805 1077 2828 as
1110 2792 1286 2834 Nasmith
1320 2792 1457 2848 says,''
