2148 3330
260 219 349 246 CAP.
370 219 421 246 111.
689 221 747 252 DE
776 221 974 253 Acrissus
1000 221 1156 253 ΑΝΙΜΕ.
1817 227 1870 266 49

260 326 565 376 quomodolibet
610 326 739 373 aliter,
785 336 843 363 est
888 327 1051 375 grandis
1096 339 1243 371 sermo,
1290 336 1326 365 et
1366 327 1463 364 mihi
1497 337 1872 376 ani-proceedingfrom

259 385 414 433 biguus.
468 386 848 433 Quomodocunque
893 385 1015 433 igitur
1061 385 1279 434 loquamur
1324 387 1372 422 de
1424 371 1871 440 actibu8111¹g¹ssp¹1¹1³g¹l.se¹{⁷ssfa

259 442 407 490 anime,
441 454 601 491 semper
624 443 771 479 habent
796 451 929 479 motus
952 443 1027 480 sibi
1052 445 1404 491 corespondentes,
1439 457 1579 492 quam-
1601 441 1743 468 doubtful
1766 441 1864 476 point.

257 501 313 537 vis
346 501 492 549 Barlay
532 502 596 548 [et]
638 499 838 549 precipuis
878 500 1017 549 logicis
1068 501 1251 538 videatur
1290 503 1398 550 quod
1438 511 1581 538 auctor

226 558 307 595 fisit
340 558 621 607 intelligendus
645 560 693 594 de
717 558 950 595 accionibus
975 559 1156 608 corporis
1179 561 1287 608 quod
1310 572 1452 597 omnes
1480 561 1580 597 tales

257 626 349 653 sunt
381 616 421 652 in
456 625 579 653 motu.
612 616 844 664 Tripliciter
877 616 982 653 enim
1017 616 1214 665 accipitur
1247 627 1380 654 motus
1408 617 1448 654 in
1472 631 1581 655 com·
1602 625 1774 653 Movement
1795 633 1865 661 may

259 674 384 718 muni,
417 674 531 711 sicud
563 673 716 711 dictum
751 683 808 710 est
832 676 879 710 de
903 675 1159 713 alteracione.
1193 677 1449 724 Quandoque
1473 676 1578 712 enim
1613 660 1860 723 begissbnedregsqtqlod

257 731 454 780 accipitur
492 732 656 781 proprie
695 745 768 780 pro
809 732 1039 769 mutacione
1077 733 1301 770 successiva
1333 734 1394 771 vel
1433 733 1578 778 subita,
1613 730 1800 798 (succclssssgiffsee
1820 773 1856 791 or

257 803 337 838 qua
383 799 537 826 motum
583 789 760 838 adquirit
807 790 895 836 sibi,
941 792 1001 827 vel
1055 791 1238 839 deperdit
1291 791 1578 836 substanciam,
1604 799 1862 833 instantancous),

206 862 242 882 ιο
258 847 510 896 qualitatem,
542 848 601 884 vel
636 847 917 896 quantitatem,
951 849 1065 885 sicud
1098 849 1139 884 in
1171 849 1580 897 postpredicamentis

260 915 392 942 motus
415 906 566 954 species
589 905 702 953 ponit
725 905 991 954 philosophus
1016 919 1101 943 esse
1123 919 1200 943 sex.
1236 909 1422 944 Secundo
1457 909 1579 945 modo
1653 922 1689 942 or
1709 923 1742 942 as
1761 915 1812 942 the

259 964 453 1012 accipitur
495 963 659 1011 largius,
706 963 952 1000 includendo
997 964 1265 1002 variacionem
1311 966 1460 1002 factam
1509 978 1581 1014 per
1638 949 1828 1020 ςῧξξὶξεᾟῖξέξῑ

258 1021 510 1059 creacionem
543 1022 604 1058 vel
636 1020 990 1061 adnihilacionem.
1022 1022 1181 1068 Tercio,
1212 1023 1435 1071 largissime
1459 1024 1579 1060 sumi·
1594 1019 1857 1081 Osspgrssnffiffittiiffi

1863 1075 1869 1087 ‚

257 1089 335 1124 tur,
380 1079 625 1116 includendo
669 1079 929 1116 essencialem
975 1079 1269 1117 limitacionem
1317 1081 1515 1130 passivam
1557 1095 1579 1119 a
1652 1096 1741 1116 oras
1763 1089 1813 1116 the

205 1142 377 1174 15causa
422 1137 621 1186 superiori
666 1137 905 1175 naturaliter
951 1138 1129 1186 cognita3
1184 1139 1296 1175 sicud
1348 1123 1870 1193 philosophitssssj‘ff-fgn‘ssss{1Q}v

256 1195 471 1245 accipiunt,
506 1196 670 1244 quando
703 1195 842 1232 dicunt
874 1196 1049 1232 inclusas
1084 1196 1271 1233 motrices
1304 1197 1462 1234 orbium
1496 1211 1579 1234 mo·
1620 1193 1841 1255 Πᾶιξξὲῗξῖἰξζ)

256 1253 337 1291 veri
370 1266 392 1290 a
426 1255 501 1291 deo
534 1262 729 1302 tanquam
763 1255 812 1290 ab
845 1263 982 1291 amato
1015 1262 1052 1291 et
1076 1254 1319 1299 desiderato,
1354 1257 1402 1292 de
1425 1264 1578 1304 quanto
1664 1249 1823 1293 limiteds

256 1311 481 1348 limitantur
504 1314 553 1349 ab
576 1311 645 1348 illo
669 1313 1010 1360 apprehendendo
1034 1314 1107 1349 sub
1132 1313 1297 1350 racione
1330 1314 1451 1351 amati
1489 1314 1579 1350 finis

256 1371 356 1407 bene
389 1369 629 1416 ordinantis,
675 1371 783 1418 quod
823 1370 879 1407 sic
918 1383 958 1407 se
998 1371 1173 1408 habeant
1208 1373 1330 1408 modo
1363 1373 1479 1409 orbes
1512 1381 1580 1409 aut

202 1428 563 1476 noquomodolibet
607 1427 735 1472 aliter,
782 1429 986 1465 laudando
1032 1430 1165 1465 deum.
1227 1432 1274 1466 Et
1324 1439 1476 1466 certum
1523 1439 1580 1467 est
1639 1436 1668 1464 in
1690 1436 1751 1464 this
1773 1437 1831 1464 last

257 1487 377 1535 quod,
412 1486 468 1523 sic
499 1486 716 1535 loquendo,
758 1499 898 1523 omnes
931 1486 1036 1523 beati
1070 1496 1265 1535 perpetuo
1300 1489 1579 1527 movebuntur.
1637 1473 1833 1534 {1²3¹}{th2f30

255 1544 306 1580 Et
350 1552 460 1592 patet
503 1545 625 1593 quod,
668 1553 711 1580 ut
750 1553 924 1595 oportet,
970 1545 1100 1581 omnis
1136 1545 1248 1582 accio
1289 1554 1346 1582 est
1379 1546 1419 1582 in
1453 1555 1577 1583 motu.
1602 1541 1869 1603 exvessaosttiignglyin

256 1604 343 1639 Hoc
387 1611 522 1639 tamen
568 1602 701 1650 credo,
753 1604 862 1651 quod
907 1602 981 1640 erit
1024 1603 1226 1639 successio
1270 1603 1310 1639 in
1356 1604 1440 1641 celo
1489 1610 1746 1652 postandthus
1769 1611 1869 1649 acuon

255 1659 461 1703 iudicium,
508 1674 531 1697 a
575 1674 653 1710 qua
699 1661 930 1698 causabitur
974 1670 1153 1709 tempus;
1199 1661 1292 1709 quia
1339 1675 1419 1699 non
1458 1663 1579 1699 credo
1639 1650 1826 1708 ξοὲζῗὲῗῐξῖἧῖἶ

198 1723 238 1756 25
256 1719 365 1767 quod
410 1727 569 1767 tempus
616 1732 849 1756 mensurans
895 1719 1041 1767 gaudia
1081 1721 1292 1756 beatorum
1334 1720 1408 1757 erit
1448 1720 1580 1769 passio

256 1788 451 1824 penarum
475 1778 534 1813 vel
552 1777 784 1814 mocionum
810 1777 1125 1814 successivorum
1162 1779 1497 1827 dampnatorun]3
1522 1787 1581 1816 set

257 1835 305 1871 de
340 1835 442 1882 [hoc]
477 1834 574 1872 alias
609 1835 683 1872 erit
715 1848 862 1874 sermo.
897 1837 945 1871 Et
978 1835 1046 1881 sic,
1082 1844 1121 1871 ut
1156 1835 1267 1884 prius
1297 1835 1455 1886 dicitur,
1489 1849 1580 1874 con-

257 1893 355 1929 cedo
388 1895 496 1941 quod
530 1893 610 1930 sive
642 1894 860 1942 loquamur
892 1895 940 1930 de
974 1902 1062 1930 ente
1102 1902 1379 1944 permanente,
1420 1894 1499 1931 sive
1532 1896 1581 1931 de

257 1958 344 1987 ente
377 1951 619 1997 successivo,
666 1952 890 1988 dummodo
923 1950 973 1987 sit
1006 1963 1249 1999 permanens
1281 1953 1342 1988 vel
1376 1961 1580 2001 tempora-

200 2014 241 2046 30
256 2020 390 2054 neum,
439 2011 547 2057 quod
582 2009 666 2046 eius
697 2009 907 2057 generacio
941 2009 1071 2057 posita
1105 2009 1363 2058 distinguitur
1396 2012 1445 2047 ab
1478 2010 1579 2059 ipso.

314 2068 374 2103 Ad
398 2066 580 2115 quintum
608 2067 756 2104 dicitur
779 2069 887 2116 quod
912 2080 993 2104 non
1017 2076 1073 2104 est
1097 2067 1389 2116 inconsequens
1417 2070 1578 2105 eosdem

257 2132 369 2161 actus
402 2124 443 2160 in
476 2125 680 2162 communi
713 2126 774 2162 vel
806 2125 846 2162 in
879 2125 1011 2173 specie
1053 2125 1182 2162 redire
1217 2125 1580 2175 quotienscunque.
1601 2134 1635 2167 (5)
1657 2133 1768 2161 Mental
1788 2137 1863 2165 acts,

257 2183 333 2218 Sed
374 2183 517 2231 duplex
557 2191 613 2220 est
652 2183 716 2220 hic
756 2183 983 2220 dubitacio:
1029 2184 1159 2231 prima
1200 2184 1246 2220 de
1279 2184 1488 2232 principiis
1521 2184 1578 2220 in·
1607 2167 1863 2237 spgsspecyallmyaghe

1647 2245 1750 2271 recur3
1771 2234 1823 2264 the

1629 2272 1773 2308 question
1797 2271 1835 2307 is,

327 2348 356 2373 4.
378 2340 444 2368 MS.
466 2344 493 2368 ct
514 2340 608 2380 deest.
681 2341 706 2368 5.
727 2341 794 2370 Ms‘.
820 2346 913 2368 corres
935 2349 995 2376 pro
1022 2341 1176 2376 corporis.
1251 2350 1295 2376 27.
1317 2342 1382 2371 MS.
1407 2342 1464 2370 hoc
1483 2343 1579 2370 deest.
1624 2307 1844 2369 ditlz'greililtiiiittes

275 2382 299 2401 2.
323 2375 387 2403 MS.
410 2375 446 2403 ad
468 2375 505 2403 5¹¹n
525 2383 557 2402 tn
577 2383 683 2412 marg.
1654 2384 1713 2403 one
1730 2376 1811 2403 from

1622 2411 1760 2445 another,
1782 2410 1840 2437 and

326 2468 359 2499 4.
379 2459 534 2501 Barlay.
561 2458 719 2501 Perhaps
745 2458 803 2491 the
830 2470 927 2491 same
953 2470 990 2491 as
1018 2460 1150 2491 Walter
1175 2460 1315 2502 Burley.
1414 2469 1467 2492 22.
1495 2460 1579 2502 Wy-

258 2504 346 2536 clif's
386 2505 598 2546 distinction,
647 2506 693 2548 by
731 2505 846 2537 which
884 2505 930 2537 he
968 2516 1134 2548 manages
1171 2513 1206 2537 to
1233 2506 1342 2537 admit
1378 2505 1452 2538 that
1476 2516 1580 2548 every

258 2557 311 2581 act
337 2551 485 2583 consists
511 2552 546 2584 in
571 2558 786 2595 movement,
813 2562 960 2594 appears
996 2552 1080 2585 here
1110 2559 1146 2584 to
1172 2552 1214 2584 be
1241 2552 1470 2584 over-subtle.
1504 2552 1582 2584 The

257 2603 329 2628 two
366 2596 467 2629 latter
506 2599 640 2641 species
667 2598 708 2630 of
741 2605 945 2630 movement
987 2609 1043 2630 are
1070 2604 1131 2630 not
1168 2599 1250 2639 real,
1293 2599 1346 2630 for
1383 2599 1417 2630 in
1447 2598 1582 2630 neither

259 2653 337 2675 case
362 2643 390 2674 is
405 2643 501 2676 there
528 2654 547 2676 a
572 2645 642 2677 real
669 2645 815 2686 change.
842 2645 878 2676 In
899 2645 1072 2683 Creation‚
1100 2645 1154 2676 for
1179 2645 1346 2684 instance,
1371 2644 1581 2677 Scholastics

259 2699 319 2732 say
345 2689 419 2721 that
443 2690 502 2722 the
528 2690 661 2733 change
688 2691 777 2723 from
803 2690 1036 2733 nothingness
1059 2699 1096 2723 to
1121 2692 1233 2733 Being
1257 2691 1333 2735 (the
1359 2693 1533 2724 terminus
1559 2701 1581 2723 a

259 2745 327 2777 quo
354 2743 415 2767 not
441 2737 589 2780 existing
614 2739 648 2769 in
674 2737 759 2781 fact)
785 2738 813 2769 is
839 2744 901 2769 not
926 2748 945 2769 a
971 2738 1041 2770 real
1068 2736 1214 2780 change.
1257 2738 1284 2769 It
1309 2738 1431 2769 would
1458 2738 1582 2769 follow

259 2781 333 2813 that
364 2782 399 2813 in
431 2782 515 2827 such
548 2794 645 2816 cases
676 2784 736 2816 the
768 2789 844 2816 acts
875 2785 994 2816 would
1026 2788 1088 2817 not
1120 2784 1159 2817 be
1190 2784 1284 2817 real.-
1316 2783 1432 2816 which
1460 2785 1484 2815 it
1509 2794 1582 2815 was

260 2828 423 2872 certainly
450 2836 511 2861 not
537 2830 693 2872 Wyclifs
720 2831 890 2862 intention
916 2837 953 2862 to
980 2841 1100 2873 prove.

1419 2898 1442 2928 4
