2148 3330
311 247 385 285 108

356 372 481 403 certain,
503 371 528 397 is

329 407 477 434 confused
500 406 558 433 and

373 442 500 468 abtract.

316 477 429 504 Scnses
449 475 558 502 indeed

334 519 388 538 can
413 511 487 537 have
508 518 547 536 no

375 545 499 572 distinct

321 579 497 615 perception
520 578 555 605 of

396 616 480 643 Him.

344 651 401 678 We
424 659 471 678 see
494 651 531 683 bv

326 693 431 713 means
453 686 487 712 of
503 686 552 712 tlie

323 729 391 751 sun,
413 720 472 748 and
493 720 563 747 thus

326 764 356 782 in
378 764 394 783 a
415 763 482 791 way
502 762 551 781 see

319 790 369 817 the
390 798 463 819 sun:
488 797 521 816 so
542 789 564 815 it

359 824 385 851 is
406 824 440 851 ot*
456 832 512 851 our

321 859 502 891 knowledge
522 858 557 885 of

301 894 351 920 the
366 894 448 921 First
462 893 572 921 Cause.

311 928 366 956 We
388 937 436 955 see
457 928 564 955 colour

303 963 340 999 by
356 963 440 997 light.
458 964 510 990 but
524 963 573 990 the

353 999 439 1025 latter
460 999 520 1025 less

354 1033 518 1068 explicitly.

352 1067 441 1095 Thus
461 1076 518 1094 our

325 1107 442 1133 nature,
464 1102 551 1129 wlien

335 1137 537 1171 imagination

313 1172 554 1206 predominatcs,

309 1209 417 1234 knows
438 1207 566 1234 inferior

329 1242 433 1277 things
455 1250 540 1269 more

335 1277 445 1304 clearlv
467 1277 538 1303 than

300 1312 404 1345 things
420 1311 573 1344 superior,

300 1351 349 1382 yet
359 1347 408 1373 tlie
423 1347 510 1373 latter
525 1353 574 1372 are

321 1381 401 1414 first
419 1382 543 1408 known.

327 1417 384 1443 But
405 1424 451 1442 we
472 1416 547 1442 have

302 1459 408 1486 power
428 1455 459 1477 to
481 1451 574 1477 shake

310 1486 354 1512 off
370 1486 421 1513 tlic
439 1486 517 1521 yoke
537 1485 572 1512 of

300 1520 518 1556 imagination,
534 1521 573 1556 by

312 1556 361 1582 the
382 1555 563 1590 knowledge

324 1590 358 1617 of
374 1590 547 1626 negations,

304 1625 403 1652 which
424 1625 507 1660 gives
529 1633 565 1652 us

341 1660 390 1687 [lie
410 1664 541 1699 greatest

350 1695 508 1722 certitude.

350 1729 525 1757 Aristotle's

339 1765 489 1799 principle
509 1764 543 1791 of

301 1799 526 1826 contradiction
548 1799 573 1825 is

323 1835 353 1861 in
374 1835 480 1870 reality
500 1834 551 1861 the

319 1877 403 1895 same
423 1877 456 1895 as
476 1869 551 1896 this:

343 1903 528 1939 Something

388 1940 490 1965 exists.

370 1973 433 2000 For
453 1974 503 2000 the

334 2007 531 2041 disjunctive:

341 2042 538 2077 Necessarilr

346 2078 522 2113 Something

313 2113 413 2139 esther
432 2113 504 2139 does
524 2120 561 2140 or

325 2146 397 2174 does
417 2155 455 2173 or
473 2147 547 2174 does

359 2184 415 2208 not
432 2183 510 2209 exist

358 2217 470 2249 (wliicli
492 2217 517 2243 is

346 2251 527 2287 admittedly

327 2286 498 2320 equivalent
517 2291 547 2313 to

358 2321 407 2347 tlie
427 2321 515 2347 other

301 2355 433 2384 axioms)
450 2355 573 2388 implies

325 2389 390 2416 that
410 2390 440 2416 in
462 2390 557 2417 either

301 2430 370 2461 case
391 2425 566 2459 something

328 2466 353 2484 is
375 2466 547 2493 necessary.

324 2493 348 2519 It
368 2493 393 2519 is
414 2494 484 2529 only
505 2495 554 2521 tlte

299 2527 380 2554 form
394 2527 458 2554 that
474 2530 573 2556 varies

371 2562 399 2588 in
420 2562 505 2589 these

362 2596 504 2624 different

371 2631 501 2663 axioms,

326 2673 411 2692 more
432 2673 468 2692 or
488 2666 547 2693 less

325 2700 496 2734 applicable
517 2706 546 2728 to

311 2734 451 2762 different
471 2743 566 2763 cases.

1031 255 1256 286 JOHANNIS
1282 255 1467 286 WYCMF
1740 253 1829 280 CAl’.
1852 253 1903 280 ΠΙ.

594 375 707 399 amus
732 363 779 398 de
803 363 890 406 deo,
925 362 993 398 sed
1017 361 1223 398 confusam
1256 369 1293 397 et
1325 361 1625 407 abstractivam3
1659 370 1696 398 et
1728 361 1906 399 infinitas

593 419 857 468 proprietates
909 418 992 456 eius
1039 418 1294 466 ignoramus;
1347 418 1472 455 immo
1521 419 1756 456 sensualitas
1807 420 1907 456 nihil

594 478 777 514 distincte
819 476 1025 524 cognoscit
1068 477 1114 513 de
1156 477 1237 512 illo.
1291 478 1590 521 Verumtamen,
1634 476 1745 514 sicud
1787 490 1905 515 omne

591 535 728 571 videns
751 534 857 571 videt
880 534 921 570 in
945 534 1091 570 virtute
1114 534 1219 581 solis,
1255 542 1305 577 et,
1329 536 1549 570 secundum
1573 534 1904 582 lyncolniensem,

592 593 696 629 videt
730 593 893 629 confuse
925 593 1064 637 solem,
1099 592 1155 628 sic
1188 604 1307 628 omne
1341 604 1587 639 cognoscens
1628 593 1832 640 cognoscit
1865 593 1938 628 inf>

591 651 735 686 virtute
780 659 817 686 et
863 650 902 686 in
936 650 1086 685 lumine
1119 649 1247 698 prime
1281 662 1412 700 cause,
1459 660 1496 686 et
1530 651 1694 687 confuse
1732 650 1903 698 primam

591 721 767 744 causam.
808 710 888 744 Nec
927 708 1002 744 hoc
1042 707 1248 754 obiective,
1283 707 1377 755 quia
1410 708 1615 745 confusius
1651 708 1906 755 cognoscitur

590 767 726 802 lumen
770 765 966 802 irradians
1012 778 1132 813 super
1173 765 1348 802 colorem
1389 779 1507 814 quam
1551 767 1673 813 color,
1721 767 1904 814 quamvis

591 824 700 860 color
732 823 877 860 virtute
910 823 1074 860 luminis
1108 832 1388 871 cognoscatur.
1427 823 1492 860 Sic
1524 823 1645 871 igitur
1675 823 1814 860 innata
1848 833 1905 861 est

588 881 704 918 nobis
736 882 812 928 via,
859 882 951 917 dum
993 882 1233 918 fantasmata
1267 881 1540 928 dominantur,
1582 881 1806 919 distinctius
1840 894 1963 918 co-1o

587 951 779 987 gnoscere
812 939 1000 975 inferiora
1033 952 1155 987 quam
1189 939 1411 987 superiora,
1446 938 1558 976 sicud
1584 941 1700 975 bruta
1728 939 1902 985 faciunt3

589 1006 626 1033 et
659 1006 793 1034 tamen
828 997 937 1045 prius
970 997 1218 1042 naturaliter,
1264 1005 1346 1032 tam
1393 999 1527 1045 quoad
1567 997 1903 1045 consequenciam

589 1068 709 1103 quam
764 1056 963 1092 causative
1022 1054 1301 1102 cognoscimus
1354 1055 1510 1103 priora3
1571 1055 1711 1103 immo,
1773 1055 1904 1103 primo

588 1112 768 1149 omnium
803 1113 975 1161 primam
1011 1126 1189 1150 causam.
1223 1114 1304 1149 Nos
1338 1112 1443 1149 enim
1478 1126 1614 1150 sumus
1648 1113 1688 1149 in
1720 1113 1902 1160 potencia

589 1171 813 1219 deponendi
837 1172 1022 1208 sensuale
1045 1170 1270 1207 dominium
1295 1171 1546 1208 fantasmatis
1570 1183 1690 1218 super
1713 1180 1903 1217 mentem,
1925 1172 1962 1204 15

590 1238 627 1265 et
650 1229 708 1266 sic
737 1227 740 1280 Ι
771 1228 1037 1277 cognoscendi
1060 1238 1097 1265 et
1119 1228 1323 1277 quietandi
1357 1229 1397 1265 in
1422 1228 1509 1277 ipso
1532 1228 1822 1277 principaliter.
1856 1231 1905 1265 Et
1936 1231 1974 1262 F.

590 1288 639 1323 ad
686 1285 801 1338 [hoc]
847 1287 1088 1333 faciendum,
1135 1295 1191 1323 est
1237 1282 1421 1334 cognicio
1466 1286 1731 1335 negacionum
1787 1287 1904 1324 nobis

589 1344 787 1391 ordinata,
833 1358 906 1392 pro
951 1344 1027 1381 isto
1072 1353 1176 1382 statu
1222 1356 1306 1381 esse
1349 1344 1466 1381 nobis
1506 1344 1749 1390 certissima3
1794 1344 1905 1381 sicud

590 1402 770 1450 cognicio
804 1404 944 1439 umbre
978 1412 1015 1439 et
1048 1401 1204 1439 dimissi
1243 1402 1408 1439 luminis
1442 1412 1499 1439 est
1532 1402 1702 1439 maxime
1736 1415 1904 1450 propor-

590 1460 748 1497 cionata
782 1460 901 1497 debili
934 1460 1034 1497 visui
1068 1460 1377 1505 convalescenti,
1424 1460 1554 1509 qualis
1588 1468 1645 1497 est
1682 1460 1904 1497 intellectus
1922 1472 1963 1493 20

589 1527 725 1554 noster
757 1531 830 1566 pro
863 1528 969 1555 statu
1002 1518 1209 1566 opinandi.

648 1578 695 1612 Et
728 1576 796 1619 sic,
832 1585 1026 1625 quantum
1061 1576 1109 1612 ad
1141 1575 1388 1624 primitatem
1421 1575 1625 1625 principii,
1661 1584 1793 1624 potest
1827 1576 1905 1612 dici

590 1635 699 1682 quod
721 1634 817 1670 illud
841 1634 1084 1682 principium
1110 1633 1321 1670 recitatum
1347 1635 1395 1670 ab
1410 1633 1635 1680 Aristotele,
1667 1634 1727 1682 410
1751 1635 1904 1670 metha-

589 1692 754 1739 phisice,
788 1696 858 1742 9⁰0
885 1701 941 1729 est
973 1692 1077 1728 idem
1111 1691 1152 1728 in
1184 1704 1226 1727 re
1259 1704 1348 1727 cum
1383 1693 1478 1729 hoc:
1513 1692 1661 1740 aliquid
1692 1700 1759 1729 est.
1794 1693 1902 1728 Idem

589 1750 693 1786 enim
729 1750 883 1786 videtur
915 1749 1050 1786 “idem
1096 1749 1215 1786 simul
1260 1749 1388 1786 inesse
1421 1758 1458 1785 et
1491 1762 1572 1785 non
1605 1749 1734 1787 inesse
1774 1749 1902 1786 eidem
1922 1752 1960 1784 25

589 1809 808 1844 secundum
856 1807 959 1843 idem
1006 1817 1064 1844 est
1108 1807 1387 1855 impossibile”
1428 1816 1465 1843 et
1503 1807 1803 1844 “necessarium
1847 1817 1904 1844 est

589 1865 741 1914 aliquid
773 1878 856 1902 esse
889 1867 948 1902 vel
980 1879 1062 1902 non
1096 1867 1234 1910 esse³³;
1269 1875 1306 1901 et
1339 1865 1443 1902 idem
1486 1874 1544 1902 est
1576 1866 1793 1902 necessario
1831 1866 1902 1902 ali-

589 1924 680 1972 quid
711 1936 792 1959 esee
824 1924 886 1959 vel
916 1936 990 1960 non
1023 1936 1116 1967 esse,
1150 1932 1187 1959 et
1232 1923 1448 1959 necessario
1487 1923 1635 1971 aliquid
1666 1936 1767 1968 esse,-
1810 1923 1904 1972 quia

588 1981 734 2018 veritas
767 1980 1016 2024 disiunctive,
1052 1981 1163 2018 cuius
1197 1981 1324 2017 altera
1356 1994 1449 2029 pars
1482 1990 1540 2018 est
1572 1981 1831 2029 inpossibilis,
1866 1990 1904 2018 et

588 2039 742 2087 reliqua
775 2039 1014 2083 necessaria,
1047 2052 1128 2076 non
1162 2039 1394 2086 superaddit
1427 2038 1634 2075 veritatem
1680 2038 1803 2087 partis
1836 2052 1904 2075 ne-
1921 2043 1963 2075 30

589 2097 770 2142 cessarie,
805 2105 842 2133 et
875 2097 980 2133 idem
1016 2106 1073 2134 est
1105 2096 1362 2133 “necessario
1401 2096 1553 2145 aliquid
1587 2099 1701 2134 esse³³
1736 2105 1773 2133 et
1806 2097 1904 2133 “ali-

589 2155 685 2202 quid
719 2156 849 2191 esse”.
883 2157 931 2191 Et
963 2155 1054 2191 ideo
1087 2168 1109 2191 a
1142 2154 1275 2202 primo
1307 2154 1452 2191 veritas
1481 2154 1602 2202 primi
1626 2154 1812 2203 principii
1847 2163 1905 2191 est

589 2212 832 2257 affirmaci03
866 2221 903 2248 et
936 2225 1006 2260 per
1039 2225 1289 2260 consequens
1314 2212 1487 2260 primum
1518 2212 1762 2261 principium
1797 2212 1904 2249 affir-

590 2270 780 2306 mativum
817 2269 976 2318 signans
1010 2270 1200 2318 primarie
1241 2269 1554 2306 convertibiliter
1587 2283 1674 2306 cum
1710 2269 1799 2317 isto,
1832 2271 1902 2305 ali-

587 2328 690 2377 quid.
724 2329 1012 2364 Verumtamen
1035 2328 1103 2364 illa
1124 2327 1268 2364 veritas
1291 2337 1423 2376 potest
1447 2327 1715 2364 diversimode
1748 2328 1904 2364 ostendi
1921 2330 1959 2364 35

590 2394 627 2421 et
659 2385 804 2433 signari
837 2387 1058 2422 secundum
1093 2398 1263 2434 quarum
1298 2398 1419 2421 unam
1453 2385 1724 2422 ostensionem
1758 2398 1904 2433 cogno-

590 2452 722 2479 scetur
755 2455 839 2479 esse
871 2443 1141 2480 necessarium
1178 2452 1214 2480 et
1246 2445 1467 2480 secundum
1493 2443 1612 2479 aliam
1638 2443 1901 2491 ignorabitur,

588 2502 649 2536 vel
681 2502 864 2537 credetur
880 2514 996 2549 posse
1019 2514 1100 2537 non
1120 2514 1222 2549 esse3
1256 2510 1299 2538 ut
1321 2501 1424 2537 idem
1450 2510 1525 2537 est:
1550 2501 1767 2538 necessario
1790 2502 1902 2537 deum

589 2571 681 2607 esse,
715 2568 772 2595 et:
807 2571 887 2595 esse
919 2559 1152 2608 impossibile
1184 2560 1295 2595 deum
1330 2572 1403 2596 non
1437 2571 1536 2604 esse;
1567 2559 1680 2595 sicud
1704 2567 1812 2606 patet
1834 2571 1903 2606 per

590 2616 941 2664 equipollenciam,
989 2626 1026 2653 et
1070 2629 1140 2664 per
1185 2616 1472 2653 deduccionem
1518 2616 1701 2664 superius
1739 2625 1962 2665 tactam‚4o

590 2687 668 2721 qua
691 2676 887 2722 probatur
911 2687 994 2711 esse
1018 2687 1174 2711 summe
1197 2674 1445 2722 inpossibile,
1481 2683 1518 2710 et
1551 2687 1621 2722 per
1654 2686 1902 2722 consequens

661 2873 703 2898 14-
726 2866 788 2894 MS.
810 2874 946 2893 omnem.
1020 2866 1057 2893 15.
1077 2865 1143 2894 MS.
1165 2856 1250 2893 d‘stffi.
1324 2874 1364 2900 17·
1384 2865 1450 2894 MS.
1472 2866 1530 2893 hoc
1549 2865 1642 2893 deest.

1994 1230 2056 1261 81b
