2148 3330
275 2131 300 2157 It
319 2131 345 2157 is
366 2130 514 2165 probable
539 2143 541 2145 ·

269 2166 332 2192 that
352 2173 437 2192 some
458 2170 520 2192 acts

269 2208 319 2227 are
340 2205 521 2235 permanent

310 2235 369 2261 and
391 2243 477 2262 some

264 2270 452 2302 successive3
475 2270 526 2296 but

274 2304 352 2330 their
372 2304 513 2332 duration

268 2338 342 2364 does
363 2343 415 2365 not
435 2338 523 2366 atl'ect

267 2372 346 2399 their
364 2373 520 2409 intensity.

271 2532 302 2559 ln
325 2533 449 2560 Heaven
471 2534 521 2560 the

272 2568 373 2602 praise
393 2568 427 2595 of
445 2567 513 2594 God

336 2602 396 2629 will
419 2603 454 2629 be

300 2637 471 2664 successive
482 2647 488 2669 ;

323 2671 459 2698 whether

988 217 1213 249 ,IOHANNIS
1239 215 1425 248 WYCLIF'
1701 212 1790 240 CAP.
1811 213 1862 240 ΙΙΙ.

552 336 746 363 crescens,
780 324 869 360 Ideo
901 323 1140 371 relinquitur
1172 323 1280 370 quod
1305 321 1358 357 ibi
1382 330 1499 358 erunt
1526 329 1637 358 actus
1660 333 1862 364 sensuum,

551 382 634 418 sine
670 390 778 418 motu
811 381 1123 431 concomitante,
1157 389 1194 417 et
1228 393 1297 428 per
1331 391 1592 428 consequens,
1628 392 1717 415 cum
1752 388 1864 415 actus

551 439 739 486 sensitivi,
772 447 814 475 ut
841 438 951 486 prius
974 438 1217 475 declaratum
1244 446 1320 475 est:
1354 437 1489 485 igitur,
1524 436 1629 473 iuxta
1654 450 1864 485 argumen-

550 506 633 533 tum
678 497 906 545 proximum
951 509 1090 533 omnes
1134 505 1225 532 sunt
1270 495 1492 542 successivi‚
1540 507 1629 531 cum
1675 507 1755 531 non
1788 503 1864 530 stat

549 554 814 591 successivum
855 563 892 591 et
930 566 1168 602 permanens
1201 566 1285 590 esse
1318 553 1492 590 eiusdem
1532 552 1677 600 speciei
1715 552 1863 603 specia-

550 612 711 651 lissime.

607 669 812 715 Similiter,
845 682 986 707 omnes
1020 669 1117 706 tales
1147 677 1258 705 actus
1282 667 1534 716 temporanei
1557 667 1596 704 in
1620 667 1749 716 patria
1773 677 1863 704 sunt

548 727 657 776 longi
695 737 734 764 et
771 727 827 764 sic
867 728 993 775 magis
1026 735 1130 764 recte
1163 725 1455 763 diuturnitatis:
1493 725 1614 774 igitur
1652 735 1742 762 sunt
1774 738 1861 762 suc-

550 785 701 823 cessivi.
755 785 1059 833 Consequencia
1098 784 1250 821 videtur
1294 797 1364 832 per
1407 784 1496 829 hoc,
1542 783 1649 832 quod
1687 797 1766 820 non
1805 792 1862 820 est

550 843 658 880 racio
702 843 966 891 significanda
1011 854 1134 891 quare
1181 854 1284 889 pena
1328 842 1388 878 vel
1439 841 1571 877 leticia
1623 853 1862 889 permanens

552 901 650 937 foret
682 901 800 949 longa
839 900 981 949 pocius
1014 912 1133 948 quam
1169 911 1408 948 quecunque
1447 911 1538 947 pars
1571 899 1678 935 orbis
1711 900 1771 935 vel
1804 899 1863 935 lu-

550 958 686 996 minis:
721 972 810 996 cum
844 968 979 996 tamen
1001 970 1103 1006 pene
1136 957 1280 994 inferni
1313 957 1503 993 dicuntur
1534 956 1702 1003 infinite,
1737 966 1773 993 et
1806 957 1864 992 in-

550 1016 705 1052 finitum
740 1017 910 1053 maiores
943 1028 1044 1064 pene
1075 1016 1135 1052 vel
1167 1015 1299 1052 leticie
1335 1014 1576 1063 sempiterne
1608 1027 1728 1062 quam
1763 1026 1862 1062 pene

549 1075 790 1122 temporales
836 1074 1077 1111 intenciores
1123 1083 1159 1111 et
1210 1072 1383 1109 maiores
1435 1073 1550 1111 mole.
1607 1072 1862 1121 Relinquitur

549 1132 666 1180 igitur
711 1133 817 1181 quod
861 1132 939 1168 sint
984 1144 1126 1179 magne
1165 1130 1443 1175 diuturnitate,
1487 1130 1597 1167 sicud
1637 1139 1794 1178 tempus
1827 1139 1864 1166 et

551 1199 695 1236 motus,
730 1199 767 1226 et
799 1202 870 1238 per
902 1202 1150 1238 consequens
1183 1188 1415 1227 successive.

607 1247 812 1293 Similiter,
846 1249 1041 1284 subducto
1073 1247 1183 1284 omni
1216 1255 1328 1283 motu
1360 1254 1493 1295 preter
1514 1245 1860 1294 ymaginacionem

549 1315 585 1342 et
617 1305 891 1342 sensacionem
917 1305 1127 1353 dampnati
1150 1305 1234 1341 sine
1256 1304 1484 1341 variacione
1513 1312 1626 1340 actus
1648 1304 1708 1340 vel
1736 1303 1862 1352 quali-

548 1363 640 1400 tatis
680 1363 843 1400 inducte
882 1364 984 1400 foret
1021 1372 1180 1411 tempus
1220 1374 1468 1410 consequens
1499 1361 1860 1409 ymaginacionem,

548 1421 659 1458 sicud
694 1421 848 1458 videtur
881 1430 1176 1458 commentator
1205 1420 1337 1456 dicere
1361 1420 1401 1456 in
1424 1428 1569 1468 quarto
1593 1418 1860 1467 phisicorum3

548 1481 615 1516 sed
648 1488 743 1516 tunc
775 1492 856 1516 non
888 1488 990 1516 esset
1012 1479 1122 1527 prius
1145 1479 1206 1515 vel
1227 1477 1442 1526 posterius,
1474 1477 1550 1514 nisi
1573 1478 1706 1526 quoad
1730 1485 1861 1525 partes

547 1549 649 1585 pene
688 1537 808 1574 fuerit
849 1537 1066 1573 successio:
1112 1536 1233 1585 igitur
1270 1535 1312 1572 in
1351 1535 1529 1584 qualibet
1566 1535 1635 1572 tali
1669 1547 1772 1583 pena
1805 1543 1862 1571 est

548 1595 747 1632 successio
793 1594 989 1643 parcium,
1036 1604 1072 1631 et
1116 1607 1186 1643 per
1225 1606 1473 1642 consequens
1512 1593 1552 1629 in
1584 1593 1695 1629 omni
1728 1592 1861 1629 leticia

547 1652 797 1691 accidentali.
828 1655 1088 1700 Assumptum
1113 1652 1269 1689 videtur
1301 1664 1371 1700 per
1394 1653 1483 1696 hoc,
1517 1652 1624 1699 quod
1641 1651 1756 1688 aliter
1779 1663 1861 1687 non

548 1720 676 1747 essent
728 1722 828 1759 pene
880 1712 1194 1758 dampnatorum
1245 1709 1401 1746 infinite
1453 1709 1764 1758 proporcionate
1812 1709 1860 1744 de

549 1768 701 1805 meritis
734 1768 984 1816 punitorum,
1019 1781 1109 1805 cum
1142 1780 1224 1804 non
1258 1769 1450 1804 excedant
1484 1779 1630 1815 penam
1660 1767 1859 1803 horalem:

547 1827 655 1874 quod
689 1835 746 1863 est
777 1835 915 1863 contra
948 1826 1097 1862 iustum
1137 1825 1437 1862 distributorem
1477 1837 1669 1874 penarum
1704 1833 1741 1861 et
1772 1836 1859 1872 pre-

548 1884 742 1932 miorum3
765 1896 837 1921 nec
860 1883 976 1920 aliter
997 1892 1256 1932 generaretur
1278 1883 1483 1920 fastidium
1507 1895 1550 1919 ex
1574 1879 1856 1934 diuturnitate}

547 1954 661 1990 pene,
696 1954 786 1979 cum
820 1950 987 1990 apparet
1019 1941 1172 1978 homini
1204 1942 1325 1989 longa
1357 1952 1478 1989 pena;
1514 1950 1551 1977 et
1574 1953 1664 1977 cum
1692 1953 1771 1977 non
1803 1939 1859 1976 sic

548 2008 649 2036 esset
695 2012 808 2036 casus
851 1999 1125 2048 apparicionis
1169 2001 1301 2048 quoad
1333 1998 1645 2047 ymaginativam
1687 2011 1767 2035 non
1802 2006 1859 2034 est

548 2070 668 2094 causa
702 2057 900 2105 fingenda.

604 2116 680 2151 Pro
713 2114 789 2151 isto
821 2114 1085 2163 probabiliter
1118 2114 1196 2151 dici
1228 2123 1358 2163 potest
1390 2115 1499 2163 quod
1532 2113 1598 2151 alii
1630 2122 1742 2150 actus
1767 2121 1860 2149 sunt

547 2182 827 2220 permanentes
862 2181 899 2209 et
932 2172 998 2209 alii
1030 2172 1255 2216 successivi,
1295 2174 1377 2209 tam
1411 2172 1450 2209 in
1483 2171 1624 2221 patria,
1664 2184 1783 2220 quam
1818 2170 1858 2207 in

546 2230 621 2267 via.
657 2232 704 2266 Et
737 2230 792 2266 illi
826 2230 894 2279 qui
927 2239 1019 2266 sunt
1050 2239 1343 2278 permanentes,
1377 2229 1558 2279 quamvis
1581 2230 1659 2266 sint
1682 2229 1857 2266 eiusdem

547 2287 694 2335 speciei
742 2301 831 2324 cum
872 2287 959 2324 aliis
997 2287 1241 2337 successivis,
1286 2301 1365 2324 non
1404 2297 1495 2324 sunt
1529 2287 1662 2335 magni
1695 2294 1881 2335 propterl

548 2345 864 2382 diuturnitatem.
899 2347 1029 2382 Credo
1053 2355 1189 2382 tamen
1213 2347 1320 2394 quod
1344 2354 1433 2394 post
1462 2345 1566 2382 diem
1591 2344 1742 2391 iudicii,
1775 2353 1856 2381 tam

547 2416 663 2454 pena⁷
701 2416 819 2452 quam
855 2402 999 2453 leticia,
1032 2403 1105 2440 erit
1139 2416 1284 2452 magna
1317 2412 1353 2440 et
1376 2403 1614 2449 successiva3
1649 2402 1743 2451 quia
1764 2411 1858 2438 tunc

549 2461 622 2497 erit
665 2470 837 2511 tempus,
883 2460 1066 2509 quamvis
1103 2474 1183 2498 non
1216 2474 1287 2509 per
1321 2471 1450 2498 motus
1489 2460 1650 2497 illorum
1684 2459 1856 2503 orbium,

548 2520 615 2555 sed
651 2520 823 2567 quadam
860 2519 977 2555 laude
1011 2518 1232 2556 successiva
1266 2519 1346 2555 dei:
1383 2520 1430 2555 de
1453 2532 1532 2567 qua
1560 2519 1690 2557 laude.
1722 2526 1855 2554 utrum

1883 854 1919 875 10

1882 1134 1919 1166 15

1877 1432 1918 1455 20

1877 1711 1917 1744 25

548 2576 621 2612 crit
653 2589 748 2613 voce
780 2576 849 2613 tali
882 2577 1041 2624 qualem
1078 2576 1220 2613 musici
1252 2586 1407 2625 ponunt
1440 2577 1595 2613 causari
1626 2576 1664 2612 in
1695 2575 1857 2612 orbibus
1871 2583 1916 2614 40

549 2646 590 2669 ex
636 2634 906 2670 conneccione
944 2635 1004 2671 vel
1048 2634 1317 2682 proporcione
1355 2647 1517 2671 suarum
1557 2633 1753 2682 parcium,
1798 2633 1858 2669 vel

618 2821 638 2838 1.
659 2812 723 2840 Ms.
747 2803 865 2840 sosii:
888 2814 1054 2840 succesivi:
1148 2813 1172 2841 3.
1194 2814 1259 2841 MS.
1283 2805 1370 2841 sesti?
