2148 3330
227 227 315 257 cAP.
335 228 373 256 11.
655 230 715 262 DE
742 230 939 262 ACTissus
966 229 1122 262 ΑΝΙΜΕ.
1772 232 1824 271 99

226 348 357 387 potest
390 351 486 377 esse.
541 338 664 386 Igitur
702 338 927 387 cuicunque
959 338 1179 375 intellectui
1217 338 1272 375 sic
1311 339 1536 388 experiecto

227 407 282 434 est
314 397 409 434 satis
442 406 582 433 notum
617 398 725 445 quod
758 410 839 433 non
863 397 912 433 sit
942 396 1129 444 possibile
1150 396 1251 433 nihil
1275 409 1371 434 esse.
1406 398 1537 435 Minor
1580 400 1720 436 Nothing
1740 409 1795 428 can

225 455 299 492 sic:
344 455 375 491 si
419 455 518 491 nihil
551 464 609 491 est
642 464 680 491 et
713 455 843 491 adhuc
877 454 1029 503 aliquid
1070 463 1201 503 potest
1241 467 1337 507 6556,
1383 456 1536 505 aliquid
1576 436 1805 506 ffifflff'gpssssffi

225 522 356 562 potest
388 526 458 561 per
490 526 531 550 se
563 514 691 550 solum
722 514 852 550 facere
875 513 1063 561 seipsum.
1101 515 1275 550 Ponatur
1298 514 1403 551 enim
1429 516 1536 564 quod
1553 508 1816 577 ponti-tesshitssibi'iiin

192 571 325 608 §nihil
369 572 431 616 sit,
478 581 515 608 et
560 574 668 620 quod
714 571 754 608 in
786 572 806 607 b
839 570 1002 608 instanti
1035 571 1166 620 primo
1200 572 1249 608 sit
1282 572 1447 621 aliquid.
1495 573 1535 610 Si
1683 563 1689 568 ⁸
1797 551 1825 578 y,

224 630 345 678 igitur
379 631 505 667 multa
537 639 631 667 tunc
664 638 791 674 erunt,
823 630 883 666 vel
917 639 1033 666 erunt
1066 630 1252 667 ordinata
1280 631 1387 679 quod
1410 645 1535 667 unum

223 689 293 725 fiat
325 690 373 725 ab
407 688 486 725 alio
519 689 573 736 (et
605 689 660 725 sic
684 690 823 725 eadem
849 697 906 724 est
933 688 1125 736 primum)
1161 689 1218 725 vel
1253 689 1389 726 omnia
1422 698 1537 726 erunt

223 746 514 795 impertinencia
547 747 646 793 aliis,
680 747 740 783 vel
773 747 903 782 solum
936 759 1062 783 unum
1096 746 1182 783 erit.
1231 749 1280 783 Et
1313 749 1537 796 quomodo-
1563 769 1610 800 yet
1631 773 1676 791 we
1697 765 1806 793 should

223 817 381 853 cunque
419 805 482 852 sit,
528 806 809 841 deducendum
850 814 906 840 est
939 806 988 841 ad
1023 806 1098 841 hoc
1131 806 1240 853 quod
1278 805 1431 853 aliquid
1463 805 1537 842 erit
1552 800 1825 862 haJtssfes’ajtulgffise

168 874 207 895 10
222 863 354 911 primo
387 875 457 911 per
489 875 541 903 56,
588 864 707 908 Quod
740 875 846 911 pono
879 863 963 899 fore
996 876 1041 908 cz;
1072 872 1110 899 et
1143 871 1251 911 patet
1284 865 1392 911 quod
1426 863 1536 912 prius
1572 869 1808 909 beingmaking

223 931 280 957 est
323 934 345 957 a
387 933 502 970 posse
546 933 628 958 esse
678 934 798 969 quam
846 934 867 956 a
914 933 1008 968 esse,
1055 933 1145 957 cum
1191 920 1240 957 sit
1298 921 1537 969 coruptibile
1596 905 1778 974 ffissffighffig

223 979 473 1026 contingens.
527 981 575 1015 Et
633 992 703 1027 per
761 991 1009 1027 consequens
1060 978 1247 1027 potencia
1298 992 1332 1025 a,
1384 992 1462 1027 qua
1515 975 1819 1036 abfftssxrlefflitti'sbtioe

221 1045 350 1085 potest
384 1049 481 1083 esse,
526 1037 705 1084 precedit
735 1050 757 1072 cz
791 1049 893 1083 esse3
943 1046 980 1073 et
1024 1049 1114 1073 cum
1159 1036 1227 1073 illa
1266 1037 1451 1085 potencia
1490 1037 1538 1073 sit
1559 1043 1649 1079 being
1670 1049 1700 1071 to
1722 1044 1823 1072 which

221 1094 418 1143 posterius
440 1108 461 1130 cz
491 1094 668 1131 essencia
702 1094 765 1131 cui
797 1094 913 1141 inest,
958 1095 1140 1143 sequitur
1169 1096 1277 1143 quod
1304 1108 1326 1130 α
1359 1095 1538 1143 precedit
1597 1079 1774 1149 “flsslssssgssegs

167 1153 204 1185 15
220 1153 457 1189 naturaliter
501 1153 691 1201 seipsum.
745 1155 793 1189 Et
832 1152 896 1189 hic
937 1153 1039 1189 foret
1078 1152 1276 1189 instancia
1307 1152 1535 1189 Aristotelis

220 1212 283 1257 (80
304 1211 566 1259 phisicorum,
600 1212 647 1247 de
679 1210 915 1259 incepcione
948 1211 1102 1257 mundi)
1136 1210 1374 1254 insolubilis,
1411 1223 1535 1259 quare

220 1268 260 1304 in
294 1282 374 1305 uno
407 1268 571 1305 instanti
605 1268 800 1316 inciperet
831 1282 852 1304 α
888 1281 983 1315 6556,
1025 1277 1063 1305 et
1094 1281 1176 1305 non
1208 1268 1247 1304 in
1281 1281 1533 1317 quocunque,

221 1339 310 1363 cum
358 1340 438 1363 non
483 1335 614 1375 potest
658 1326 754 1375 poni
792 1327 975 1363 voluntas
1019 1326 1146 1363 libera
1178 1327 1239 1363 vel
1283 1326 1418 1374 aliqua
1458 1327 1536 1363 alia

221 1397 340 1421 causa
377 1385 616 1421 naturaliter
655 1386 914 1426 antecedens„
958 1387 1006 1421 Et
1044 1397 1115 1433 per
1150 1384 1254 1421 idern
1291 1397 1533 1433 corumpens

163 1454 260 1479 2ose
292 1443 526 1479 immediate
565 1455 636 1491 per
673 1455 727 1490 56,
767 1442 958 1480 continue
996 1451 1252 1490 corumperet
1290 1455 1349 1488 se;
1396 1451 1433 1479 et
1472 1442 1534 1479 hic

220 1510 322 1537 esset
367 1502 614 1550 querendum
661 1502 708 1537 de
754 1502 842 1547 deo,
893 1500 1025 1549 posita
1072 1500 1306 1548 incepcione
1351 1500 1532 1537 omnium

221 1572 353 1595 rerum
388 1559 429 1595 in
460 1572 481 1594 a
515 1559 693 1598 instanti.
728 1561 777 1595 Et
810 1559 864 1595 516
898 1561 944 1595 de
979 1558 1113 1595 multis
1146 1558 1246 1595 aliis.

278 1619 319 1653 In
363 1626 519 1654 tantum
565 1617 671 1654 enim
716 1617 885 1653 credidit
929 1629 1033 1653 unus
1078 1616 1233 1653 subtilis
1278 1616 1430 1665 logicus
1470 1616 1533 1653 isti
1595 1623 1683 1651 Thus
1705 1623 1774 1651 God

221 1674 415 1723 opinioni,
450 1675 543 1724 quia
576 1675 672 1711 dixit
706 1674 805 1711 mihi
839 1674 1034 1724 quidlibet
1068 1687 1183 1723 posse
1214 1687 1298 1711 esse
1322 1676 1440 1711 deum
1464 1687 1534 1722 per
1549 1659 1823 1727 H?s}}{¹‡¹1{>;mffl‘{a

165 1735 203 1767 25
222 1733 506 1781 corupcionem
550 1733 824 1781 cuiuscunque
864 1732 1099 1781 superioris;
1147 1742 1183 1769 et
1222 1733 1277 1771 sic
1314 1734 1431 1769 credo
1465 1746 1533 1780 po·
1581 1729 1795 1799 acffifflssssssold

220 1801 331 1827 neret
355 1793 475 1827 deum
506 1791 732 1838 negativum
769 1800 805 1827 et
838 1804 960 1827 unum
992 1791 1274 1841 inanimatum,
1307 1792 1534 1839 dependens
1620 1807 1668 1838 me
1691 1799 1765 1838 that-

222 1851 269 1885 ab
314 1849 479 1885 infinitis
523 1849 611 1896 ipso
657 1849 872 1897 prioribus,
920 1851 1053 1886 deum.
1108 1851 1156 1884 Et
1190 1861 1326 1886 revera
1368 1861 1534 1896 magnus
1552 1834 1827 1902 ζέἔὲῐᾞὲἕρῐέὲῗιῖξ

220 1920 341 1955 sopor
373 1916 431 1943 est
463 1907 502 1942 in
532 1907 668 1943 animo
692 1907 748 1943 sic
772 1907 958 1944 dicentis!
994 1906 1259 1955 Ymaginatur
1288 1907 1395 1943 enim
1426 1908 1535 1955 quod
1574 1903 1800 1973 ffopgasselrvf‘ggss

1549 1973 1622 2000 than
1642 1973 1726 2000 itself
1742 1980 1822 1999 were

1596 2007 1726 2035 reduced
1748 2012 1779 2035 to

1611 2042 1757 2077 nothing;

221 2113 226 2117 ¹
291 2087 311 2105 1.
342 2078 406 2106 MS.
437 2079 591 2113 expiecco.
681 2077 706 2105 5.
735 2079 801 2106 MS.
833 2083 859 2105 ct
884 2086 944 2113 pro
974 2078 1011 2105 sit
1040 2076 1148 2113 before
1175 2077 1302 2113 aliquid.
1393 2084 1439 2112 27.
1469 2076 1532 2105 MS.

220 2121 334 2148 ipsum.

314 2208 343 2228 2.
372 2197 470 2229 Satis
488 2201 621 2229 notum.
648 2198 813 2237 Because,
840 2197 868 2228 if
889 2196 1033 2238 nothing
1051 2206 1142 2228 were
1163 2196 1324 2237 possible,
1350 2193 1419 2225 this
1440 2192 1533 2225 affir-

220 2244 352 2275 mation
390 2244 508 2275 would
549 2244 689 2285 destroy
727 2244 768 2274 its
807 2254 888 2274 own
926 2242 1133 2285 possibility.
1238 2240 1285 2273 16.
1321 2240 1532 2273 Insolubilis.

221 2289 414 2322 Aristotle’s
447 2295 629 2331 argument
655 2290 839 2330 (so-called
866 2289 1014 2321 because
1044 2290 1068 2319 it
1094 2290 1122 2319 is
1140 2287 1228 2319 hard
1255 2298 1294 2318 so
1321 2288 1471 2327 answer)
1499 2287 1533 2317 in

220 2337 343 2368 favour
374 2336 414 2367 of
435 2335 494 2367 the
521 2336 666 2378 eternity
699 2335 740 2367 of
767 2335 824 2367 the
851 2336 973 2375 world,
1004 2334 1107 2366 when
1134 2334 1288 2375 stripped
1322 2333 1362 2365 of
1390 2333 1431 2364 its
1462 2339 1532 2364 ter-

220 2384 411 2424 minology,
443 2392 526 2413 runs
555 2381 645 2422 thus,
679 2383 745 2413 and
780 2382 971 2413 resembles
997 2380 1157 2424 Wyclif's
1183 2385 1369 2422 argument
1394 2390 1412 2411 a
1437 2379 1532 2421 good

221 2430 313 2461 deal:
341 2429 371 2460 If
392 2428 449 2460 the
474 2429 585 2459 world
613 2428 738 2470 begun,
765 2429 789 2459 it
815 2428 926 2469 began
954 2434 987 2459 at
1013 2438 1031 2458 a
1063 2427 1191 2459 certain
1217 2427 1345 2458 instant
1377 2425 1417 2457 of
1437 2426 1531 2457 time.

221 2475 250 2506 If
270 2475 339 2506 this
364 2485 436 2506 was
462 2474 521 2506 the
549 2475 637 2517 first
662 2475 800 2514 instant,
832 2473 929 2505 there
955 2484 1027 2505 was
1061 2484 1105 2504 no
1133 2483 1208 2505 now
1239 2472 1361 2504 before
1393 2472 1426 2511 it,
1465 2471 1531 2502 and

218 2522 276 2553 the
303 2522 411 2552 world
438 2531 510 2552 was
538 2521 681 2552 eternal.
707 2520 737 2551 1f
759 2527 820 2551 not
844 2520 902 2552 the
930 2519 1002 2551 first
1025 2521 1161 2558 instant⁷
1188 2519 1271 2550 then
1296 2519 1390 2557 time,
1418 2516 1532 2549 which

220 2569 248 2599 is
274 2568 335 2599 but
360 2568 544 2599 measured
578 2574 790 2606 movement,
823 2567 953 2598 existed
986 2566 1106 2597 before
1138 2565 1235 2597 there
1260 2575 1333 2597 was
1365 2564 1534 2607 anything

225 2614 297 2645 that
329 2614 430 2646 could
462 2624 577 2645 move.
620 2614 666 2644 St.
693 2612 852 2644 Thomas
884 2612 1004 2644 shows
1033 2612 1107 2643 that
1137 2612 1302 2643 Aristotle
1334 2610 1416 2642 here
1449 2610 1533 2651 begs

219 2660 278 2692 the
296 2661 460 2702 question
479 2659 591 2701 (Sum.
611 2666 703 2691 cont.
729 2660 829 2691 Gent.
853 2659 874 2689 l.
905 2669 953 2699 11,
974 2669 1002 2690 c.
1023 2658 1093 2701 36.)
1201 2659 1253 2690 23.
1279 2657 1367 2688 This
1400 2657 1534 2688 subtilis

221 2707 368 2750 logicus,
401 2706 566 2737 whoever
597 2705 641 2737 he
673 2716 753 2748 may
778 2705 867 2737 have
894 2705 992 2745 been,
1025 2704 1093 2736 had
1122 2704 1255 2735 arrived
1295 2704 1329 2735 in
1365 2702 1419 2735 his
1451 2713 1533 2734 own

221 2763 297 2795 way
335 2760 368 2784 at
404 2753 462 2784 the
495 2753 719 2784 conclusions
756 2752 796 2783 of
825 2751 883 2782 the
917 2752 1070 2782 German
1097 2749 1394 2782 Transcendental
1421 2748 1534 2791 philo-

220 2799 367 2842 sophers
394 2818 434 2821 —
462 2799 742 2840 anrimpersonal
763 2799 852 2837 God,
883 2798 1013 2840 always
1037 2797 1234 2838 becoming.
1262 2797 1315 2827 He
1334 2802 1426 2827 must
1443 2794 1533 2826 have

220 2846 307 2877 been
334 2856 351 2876 a
378 2853 449 2876 sort
476 2845 516 2876 of
538 2846 658 2886 Hegel,
686 2845 771 2876 born
802 2844 855 2875 far
881 2844 1000 2875 before
1026 2843 1080 2874 his
1107 2844 1202 2875 time.

1347 2900 1395 2941 7ss
