2148 3330
176 563 191 595 5

178 862 216 882 10

177 1140 212 1172 15>

174 1718 213 1750 25

175 2010 216 2041 ‘30

233 217 322 244 CAP.
343 217 379 243 Π.
660 219 717 249 DE
746 218 942 249 ACTIBUS
969 219 1123 250 ANIME.
1756 222 1827 248 101

235 325 478 363 monstracio
524 324 759 361 immediata
803 336 874 373 per
918 325 1244 372 contradictoria,
1290 326 1321 363 si
1368 326 1833 374 primumlfcontradictorv,

234 385 456 421 membrum
483 383 610 427 detur,
644 391 738 419 tunc
772 391 830 418 est
854 382 1124 419 necessarium
1149 383 1255 421 iuxta
1283 367 1834 437 exponentes;³{Sgssit¹1‘<¹‚‘?⁷1,mtii'e¹⁶

232 443 262 479 si
296 442 531 483 secundum,
565 449 660 476 tunc
693 449 750 477 est
780 453 916 477 verum
952 441 1199 489 contingens.
1236 442 1277 478 Si
1310 442 1430 490 igitur
1453 443 1548 478 nihil
1585 437 1815 505 ngffl‘ffissffigge

226 513 341 550 posse
372 511 453 535 esse
484 507 614 546 potest
647 511 730 534 esse
763 499 1048 545 necessarium,
1083 508 1176 535 tunc
1208 499 1288 536 iam
1323 509 1379 537 est
1412 512 1546 537 neces-
1569 514 1755 545 ¹necessary
1775 515 1801 533 ιε

232 557 380 594 sarium
401 552 662 610 [secundum]
688 557 918 605 frequenter
941 557 1060 594 dicta.
1094 559 1141 593 Et
1165 557 1196 593 si
1219 557 1269 593 sit
1294 558 1545 606 contingens,
1562 539 1833 608 zltfeffirti'effizsnarstg

232 625 327 652 tunc
363 623 494 663 potest
538 614 769 663 oppositum
817 615 985 658 evenire,
1031 614 1193 659 scilicet,
1240 617 1347 664 quod
1392 615 1545 665 aliquid
1577 611 1817 672 iriogssiiiiisstenoe

1736 650 1816 680 gent.

231 682 363 722 potest
396 685 500 718 esse3
534 674 642 721 quod
667 681 865 720 repugnat
880 672 1036 709 veritati
1061 672 1194 720 primo
1210 673 1312 712 date.
1346 676 1437 710 Ideo
1462 675 1545 722 pla-
1560 680 1822 749 ἴὴιέῃεξὲιιξξὲῗῶιῧτὲ

233 745 328 767 num
363 740 420 767 est
453 732 561 778 quod
598 730 747 767 claudit
778 730 1146 767 contradiccionem
1179 732 1288 779 quod
1316 731 1365 768 sit
1407 744 1544 768 verum
1637 757 1706 778 mav
1729 750 1763 776 be

232 789 469 837 contingens
505 788 803 836 (distinguendo
828 788 1063 837 contingens
1087 798 1227 825 contra
1258 790 1542 835 necessarium)
1570 779 1825 852 nefgjsggg-Vgffld

231 849 340 896 quod
373 846 471 882 nihil
507 855 636 894 potest
664 859 758 882 esse.
814 848 903 882 Non
943 846 1064 894 igitur
1102 856 1237 894 posset
1277 858 1359 884 esse
1392 860 1544 893 verum,
1609 839 1736 888 proved)
1759 854 1786 880 ῖς

232 905 306 941 nisi
327 913 427 942 esset
450 905 631 941 absolute
655 904 924 940 necessarium
948 906 1055 953 quod
1079 904 1177 940 nihil
1202 914 1333 952 potest
1367 918 1462 943 esse.
1498 908 1545 941 Et
1612 896 1786 950 Ρῑῗῗὲΐζῖζῖζ

232 965 306 1000 hoc
329 962 520 1010 admisso,
545 963 773 1010 negandum
800 971 856 998 est
882 962 1033 1011 aliquid
1058 962 1179 998 fuisse
1203 964 1263 999 vel
1287 963 1463 1011 potuisse
1487 964 1545 999 fu-
1572 958 1823 1019 cogfftflffiss-”tffgis

231 1021 318 1057 isse.
350 1021 426 1057 Sed
449 1020 523 1056 ista
546 1019 751 1068 responsio
780 1033 860 1056 non
885 1020 1028 1062 evadit,
1059 1020 1155 1068 quin
1184 1020 1270 1057 sine
1291 1021 1546 1069 obligacione
1579 1027 1731 1061 question,
1757 1027 1816 1054 and

230 1079 405 1127 quelibet
445 1078 684 1114 affirmativa
729 1077 778 1114 sit
824 1080 1009 1126 neganda
1053 1087 1246 1126 tanquam
1281 1066 1833 1131 inpossibilis;absgffiuoessugtem-

229 1136 336 1185 quia,
370 1138 565 1172 subducta
598 1135 708 1172 omni
742 1136 1009 1183 obligacione,
1050 1136 1233 1173 concedit
1266 1139 1375 1185 quod
1410 1149 1545 1174 neces-
1585 1127 1823 1200 gbztsisgfgypzlgt*

229 1194 334 1230 surio
366 1203 496 1242 potest
529 1206 612 1230 esse
646 1195 750 1242 quod
786 1194 884 1230 nihil
920 1203 1048 1242 potest
1082 1206 1183 1231 esse:
1231 1203 1326 1231 tunc
1366 1195 1444 1231 iam
1489 1204 1547 1231 est
1576 1201 1691 1233 things,
1714 1201 1821 1227 butan

228 1252 497 1289 necessarium
542 1253 648 1300 quod
695 1252 794 1288 nihil
839 1261 970 1300 potest
1016 1265 1111 1295 esse,
1159 1265 1204 1289 eo
1249 1254 1371 1301 quod,
1418 1253 1448 1289 si
1490 1252 1546 1289 sic
1587 1238 1811 1304 ρῗὲᾎᾏῃζῇξᾈνξδ,

229 1311 358 1347 adhuc
390 1323 470 1346 non
503 1310 565 1353 sit,
613 1319 649 1345 et
683 1309 738 1345 sic
771 1319 901 1358 potest
935 1323 1032 1354 esse,
1077 1320 1172 1347 tunc
1211 1312 1260 1347 ab
1300 1311 1435 1359 aliqua
1476 1323 1545 1359 po-

229 1368 360 1404 tencia
392 1368 448 1404 sic
480 1377 613 1416 potest
647 1367 742 1405 fieri.
792 1369 922 1404 Omne
956 1369 1059 1404 enim
1096 1370 1203 1417 quod
1238 1381 1318 1405 non
1352 1377 1409 1405 est
1442 1369 1544 1405 alico
1597 1374 1795 1413 'Everything

230 1427 397 1462 istorum
432 1435 607 1474 quatuor
640 1427 852 1462 modorum
888 1439 969 1462 non
1003 1435 1077 1472 θεῖς
1124 1428 1182 1463 vel
1229 1426 1284 1462 sic
1324 1428 1432 1474 quod
1472 1426 1545 1463 fuit
1573 1410 1818 1476 Ϊῆῑὲιρῑὲξζίηψῇῗ

230 1494 266 1520 et
299 1483 442 1520 desinit
475 1485 534 1520 vel
567 1483 682 1520 desiit
716 1496 811 1529 esse,
850 1484 909 1520 vel
943 1484 1029 1525 erit,
1065 1493 1101 1520 et
1135 1484 1190 1520 sic
1221 1484 1361 1532 incipit
1395 1485 1454 1520 vel
1487 1484 1545 1520 in-
1560 1479 1681 1542 {ynvgtssj
1696 1478 1833 1546 gfss(})¹¹‘l¹b

231 1542 350 1589 cipiet
374 1554 469 1586 esse,
487 1542 546 1578 vel
565 1541 703 1587 tercio,
726 1544 819 1578 dum
838 1555 910 1578 nec
928 1542 1000 1578 erit
1019 1539 1110 1593 [nec
1124 1540 1229 1594 fuit].
1247 1543 1315 1578 sed
1331 1551 1388 1578 θεῖ
1404 1551 1544 1589 poten-
1590 1547 1743 1594 possibleJ
1764 1555 1799 1574 or

231 1600 292 1636 cia
316 1612 431 1648 aqua
446 1609 577 1648 potest
610 1599 665 1636 sic
698 1612 782 1636 esse
820 1604 875 1645 (ut
909 1609 965 1636 θεῖ
998 1601 1046 1636 de
1080 1600 1220 1636 effectu
1243 1600 1421 1648 possibili
1467 1612 1543 1648 que
1598 1583 1792 1652 imiigssisble.

230 1670 436 1706 nunquam
462 1657 534 1694 fuit
557 1658 616 1693 vel
641 1657 729 1703 erit)
762 1659 823 1694 vel
853 1667 1009 1707 quarto⁷
1044 1658 1137 1706 quia
1170 1671 1249 1694 non
1282 1667 1413 1706 potest
1447 1671 1543 1694 esse.

231 1716 295 1752 Sic
328 1715 449 1764 igitur
482 1717 502 1751 h
536 1717 707 1764 effectum
741 1717 841 1764 fore
884 1724 1014 1764 potest
1060 1716 1249 1753 continue
1295 1716 1380 1752 fieri
1420 1729 1442 1752 a
1474 1729 1544 1764 po-

230 1775 376 1815 tencia,
412 1774 594 1821 quamvis
629 1787 709 1810 non
742 1774 868 1821 possit
901 1773 1077 1822 incipere
1101 1786 1196 1812 esse.
1232 1776 1278 1810 Et
1304 1783 1413 1822 patet
1437 1776 1543 1823 quod
1559 1778 1625 1806 The
1639 1779 1833 1818 proposition

230 1833 343 1868 nullo
376 1831 543 1867 istoru.n
587 1833 798 1868 modorum
834 1841 891 1868 est
923 1844 1059 1868 verum
1101 1833 1207 1880 quod
1254 1832 1443 1880 possibile
1488 1840 1545 1868 est
1573 1814 1816 1883 „tgtahthssfsessffilf‘ss

231 1891 338 1937 quod
372 1889 471 1925 nihil
505 1898 636 1937 potest
669 1902 765 1933 esse,
811 1890 886 1926 nisi
926 1891 1027 1926 forte
1066 1899 1210 1938 quarto
1251 1891 1391 1935 modo3
1437 1883 1834 1945 quiafflfflogf'ssssssggg‘fflw

231 1947 338 1983 iuxta
361 1947 607 1995 opinionem,
642 1961 720 1984 non
746 1957 802 1984 est
826 1948 863 1983 in
889 1956 1085 1996 potestate
1110 1948 1236 1996 prime
1264 1960 1383 1984 cause
1416 1948 1545 1984 facere
1569 1939 1739 1986 categoriess
1760 1953 1811 1980 but

232 2005 363 2053 ipsum
398 2018 478 2041 non
512 2018 627 2053 posse
661 2018 756 2050 esse,
790 2019 878 2042 cum
905 2006 976 2042 etsi
1000 2019 1081 2042 non
1111 2015 1224 2047 esset,
1259 2007 1389 2042 adhuc
1411 2015 1545 2054 posset
1629 1988 1679 2014 ὡς
1700 1988 1767 2014 ,ω’

232 2075 328 2101 θεεθ.
369 2064 563 2107 Quidlibet
593 2064 717 2114 igitur
749 2077 821 2100 non
850 2077 966 2113 posse
998 2076 1078 2100 esse
1101 2073 1158 2100 est
1181 2064 1287 2100 iuxta
1309 2063 1541 2112 opinionem

232 2121 489 2157 incausabile.
549 2121 802 2170 Relinquitur
852 2122 973 2169 igitur
1024 2123 1133 2170 quod
1185 2122 1240 2158 sic
1299 2121 1349 2157 sit
1400 2122 1543 2158 falsum

232 2180 340 2227 quod
385 2178 483 2214 nihil
529 2188 660 2227 potest
705 2192 800 2225 esse,
846 2177 923 2231 [et]
963 2181 1071 2228 quod
1116 2180 1258 2216 falsum
1304 2192 1385 2216 non
1419 2179 1545 2227 possit

232 2248 328 2275 esse.

291 2293 495 2338 Similiter,
535 2307 623 2330 cum
660 2296 771 2331 deum
811 2307 893 2331 esse
924 2295 973 2331 sit
1006 2294 1240 2342 contingens
1281 2303 1316 2331 et
1350 2307 1420 2342 per
1453 2307 1543 2331 con·
1591 2298 1668 2345 This
1690 2299 1804 2344 theory-

232 2364 402 2399 sequens
436 2361 493 2388 est
525 2365 606 2388 esse
639 2353 792 2388 firmius
832 2366 853 2388 a
894 2366 973 2401 quo
1009 2354 1220 2400 dependet,
1260 2352 1411 2388 scilicet
1452 2353 1546 2388 nihil
1584 2333 1806 2394 ΠᾞΙζῑρξῑὲἧὲἒὲ

232 2410 347 2446 simul
369 2422 462 2458 esse,
494 2418 529 2445 et
553 2423 625 2446 non
649 2423 742 2457 esse,
777 2412 883 2458 quod
919 2420 976 2446 est
1009 2410 1118 2458 prius
1152 2410 1390 2446 naturaliter
1422 2423 1541 2458 quam
1577 2403 1809 2471 dggffiffi‘ffl'gn

1733 2459 1750 2471 η

234 2469 350 2503 deum
398 2480 495 2512 esse,
540 2467 720 2516 sequitur
758 2470 864 2516 quod
906 2482 983 2504 non
1017 2468 1094 2504 sint
1134 2470 1279 2516 gradus
1319 2467 1355 2503 in
1391 2467 1544 2504 contin·
1588 2472 1797 2534 U'gfflgfftg‘tsse

1578 2515 1815 2569 conirladiction.

301 2648 325 2676 5.
348 2650 411 2678 MS.
435 2650 603 2677 secundum
624 2649 715 2676 deest.
818 2656 861 2676 22.
890 2648 955 2676 MS.
986 2656 1040 2676 nec
1065 2648 1122 2676 fuit
1139 2649 1233 2675 deest.
1324 2655 1367 2682 27.
1394 2648 1459 2676 MS.
1483 2655 1543 2682 pro

233 2693 294 2712 non
317 2684 474 2719 possibile.
565 2683 608 2711 33.
630 2683 693 2712 MS.
715 2688 743 2711 et
762 2684 856 2710 deest.

304 2788 358 2811 22.
384 2780 479 2811 Dum
507 2788 568 2811 nec
593 2779 671 2811 erit.
698 2777 851 2810 “Whilst
877 2779 901 2809 it
927 2779 954 2809 is
981 2784 1041 2809 not
1073 2778 1106 2809 in
1132 2777 1189 2808 the
1216 2777 1327 2809 future
1354 2788 1396 2809 or
1426 2777 1459 2808 in
1485 2776 1542 2808 the

234 2825 342 2869 past.⁷’
370 2824 599 2868 VVyclif‘here
618 2825 776 2856 includes
795 2825 839 2856 all
857 2825 1021 2856 existents
1048 2830 1210 2865 amongst
1234 2823 1350 2865 things
1376 2823 1543 2865 possible.
