2148 3330
243 216 296 252 40
963 208 1186 239 *IOHANNIS
1214 207 1397 237 WYCMF
1673 202 1760 230 CAP.
1782 201 1834 229 111.

532 316 704 352 renitens
750 313 971 362 quiescens,
1026 323 1062 349 et
1108 313 1184 349 alia
1232 312 1374 359 subita,
1429 312 1540 347 sicud
1588 310 1837 347 illuminacio

533 373 663 410 medii.
700 374 848 407 Omnes
882 371 986 406 enim
1020 370 1094 407 iste
1127 370 1310 407 acciones
1343 369 1610 406 terminantur
1644 370 1691 405 ad
1723 381 1839 417 passa

532 431 717 467 distincta
751 430 799 465 ab
833 428 1054 476 agentibus,
1095 441 1176 464 non
1208 428 1368 465 racione
1401 426 1570 463 subiecti
1609 428 1714 475 quod
1750 436 1840 474 agat

532 486 793 536 spiritualiter
825 486 863 521 in
897 498 958 522 res
991 495 1154 534 agentes
1187 486 1313 525 (sicud
1349 494 1406 521 est
1439 485 1477 520 in
1512 484 1639 532 prima
1677 484 1840 520 accione

532 547 571 582 in
605 558 683 593 qua
716 556 835 591 agens
868 544 1017 591 patitur
1049 544 1235 591 passione
1259 555 1335 591 que
1359 551 1415 578 est
1439 543 1543 578 salus
1572 552 1607 578 et
1630 542 1840 590 perfeccio,

533 612 574 640 ut
607 604 825 650 loquuntur
858 601 1114 649 philosophi),
1161 611 1217 637 set
1257 601 1296 637 in
1342 600 1505 636 racione
1544 599 1705 636 realiter
1736 599 1841 647 passi

533 659 874 697 transmutacione
906 659 1100 707 pacientis
1133 672 1154 695 a
1187 672 1259 695 suo
1289 659 1592 706 quodammodo
1626 657 1842 701 contrario,

533 718 760 767 specialiter
793 718 887 752 dum
922 729 1082 765 passum
1117 717 1262 753 resistit
1295 716 1440 764 agenti.

290 787 422 820 coming
444 791 473 812 ιο
593 778 648 812 De
693 774 846 812 actibus
891 775 1023 811 anime
1068 784 1124 810 est
1167 774 1306 811 divisio
1348 774 1566 810 secundum
1607 772 1841 809 divisionem

249 822 358 883 mestffl
379 825 519 883 ssffissw
533 833 807 882 potenciarum
843 841 879 868 et
912 832 1182 879 obiectorum;
1228 841 1270 868 ut
1309 831 1408 868 alius
1448 840 1505 867 est
1543 831 1754 879 organicus
1789 834 1845 875 (ut

277 891 398 918 divid&
420 890 484 917 into
534 891 714 928 sensacio
747 890 912 926 interior
944 891 1003 926 vel
1038 890 1235 939 exteriori,
1279 889 1380 926 alius
1418 902 1498 925 non
1537 888 1749 936 organicus
1789 894 1845 924 (ut

251 928 324 953 such
346 934 379 952 is
400 933 445 952 re
434 925 521 959 quire

255 969 290 989 m
312 968 406 995 organ
426 964 456 986 to
478 960 513 986 be
536 959 647 986 actus
680 949 903 985 intellectus
937 958 973 984 et
1006 947 1257 994 voluntatis);
1302 947 1401 984 alius
1442 946 1609 994 requirit
1643 946 1844 982 obiectum

250 994 520 1061 suegffissffdgffit,
537 1009 585 1044 ad
632 1009 738 1055 quod
783 1005 1023 1042 terminatur
1066 1007 1115 1041 ad
1160 1018 1253 1052 esse,
1298 1006 1376 1041 tale
1421 1006 1528 1053 quod
1570 1004 1847 1040 universaliter

273 1063 499 1126 ἲθὲῃέῗδῐξὲἓῑξῗδ
537 1065 667 1102 omnis
700 1064 893 1109 sensacio,
928 1073 964 1100 et
996 1063 1146 1100 noticia
1178 1063 1256 1100 alia
1288 1076 1369 1099 non
1402 1062 1583 1110 requirit,
1623 1071 1665 1098 ut
1697 1062 1848 1110 ymagi-

273 1133 432 1161 essentials
452 1140 502 1159 are
537 1123 667 1169 nacio,
712 1122 951 1173 intelleccio,
997 1121 1197 1169 appetitus
1231 1131 1268 1157 et
1299 1120 1470 1158 volucio.
1524 1123 1623 1156 Nam
1664 1119 1702 1155 in
1737 1120 1848 1155 omni

250 1170 314 1231 ²¹¹3?
328 1166 521 1230 {chlggffind
537 1193 679 1228 genere
723 1180 998 1217 accidencium
1045 1188 1102 1215 est
1143 1181 1237 1215 dare
1269 1178 1519 1215 accidentale
1553 1187 1588 1214 et
1622 1177 1848 1223 essenciale,

540 1248 581 1275 ut
616 1251 751 1286 genus,
785 1239 972 1286 speciem,
1007 1237 1295 1283 differenciam,
1330 1236 1538 1284 proprium
1580 1245 1616 1271 et
1651 1235 1848 1271 accidens.

293 1307 484 1340 Scie11ce,0r
599 1298 711 1333 Unde
756 1295 970 1344 dupliciter
1014 1304 1143 1343 potest
1187 1295 1315 1343 accipi
1361 1294 1532 1331 sciencia
1572 1292 1751 1339 actualis,
1790 1294 1849 1328 vel

252 1346 523 1411 knowcfesffffmd,
540 1353 709 1400 noticia:
754 1355 813 1391 vel
858 1367 930 1402 pro
970 1362 1061 1390 actu
1100 1352 1332 1389 adherendi.
1379 1365 1465 1389 cum
1501 1351 1713 1387 existencia
1746 1350 1851 1386 illius

279 1413 314 1439 be
334 1386 429 1438 eithei
450 1410 499 1436 the
541 1414 648 1460 quod
682 1411 812 1460 primo
845 1411 1174 1460 apprehenditur,
1207 1411 1290 1447 sine
1323 1409 1536 1446 formidine
1561 1408 1762 1445 contraria
1795 1408 1882 1444 illi⁶

339 1445 435 1472 actual

286 1479 491 1513 unliesitating
541 1469 767 1515 adhesioni3
802 1479 838 1506 et
883 1470 938 1506 sic
969 1469 1119 1506 noticia
1152 1478 1280 1516 potest
1313 1480 1395 1504 esse
1428 1480 1508 1503 non
1540 1466 1702 1511 noticia,
1743 1466 1850 1514 quia,

269 1513 508 1583 Ixrsustelntgpitthies
541 1537 732 1576 pereunte
765 1527 938 1575 cognito,
972 1526 1075 1575 perit
1115 1526 1277 1563 noticia.
1331 1528 1379 1562 Et
1422 1525 1497 1561 isto
1543 1526 1663 1560 modo
1707 1523 1852 1572 accipit

256 1571 526 1655 Πῖῑὲίῑῑῖδέξίῑῇοῑῇῑῐ
543 1586 804 1634 philosophus
826 1585 1054 1631 scienciam,
1080 1584 1257 1632 capitulo
1274 1585 1322 1620 de
1341 1582 1546 1632 qualitate,
1570 1594 1721 1630 ponens
1742 1581 1850 1617 illam

298 1652 434 1681 towards
454 1652 485 1679 it
544 1655 628 1680 esse
660 1643 699 1679 in
732 1643 1033 1691 predicamento
1067 1642 1291 1685 relacionis‚
1327 1654 1416 1677 eum
1441 1640 1490 1677 sit
1514 1639 1854 1688 corespondencia

544 1701 693 1749 cogniti
709 1703 758 1737 ad
775 1710 907 1738 actum
926 1701 1207 1749 cognoscendi.
1232 1701 1415 1736 Secunda
1433 1708 1566 1735 tamen
1586 1707 1645 1734 est
1663 1697 1853 1734 sciencia:

544 1760 617 1796 hec
650 1768 707 1795 est
741 1759 900 1795 habitus
933 1760 981 1795 de
1014 1770 1159 1807 genere
1192 1757 1409 1806 qualitatis.

279 1827 345 1854 The
366 1833 453 1853 name
474 1829 503 1851 01
603 1818 801 1859 Secundo,
836 1816 1112 1865 principaliter
1145 1816 1367 1852 notandum
1403 1824 1460 1850 est
1492 1815 1597 1862 quod
1630 1814 1705 1849 hoc
1732 1824 1854 1859 genus

258 1861 373 1923 3³12}ss
393 1859 530 1921 Ξζζζζρᾞρ
545 1875 669 1918 accio,
703 1874 813 1911 sicud
847 1883 977 1911 cetera
1010 1887 1156 1922 genera
1190 1873 1503 1921 generalissima,
1538 1879 1667 1919 potest
1700 1869 1853 1906 extendi

258 1934 426 1992 διξξζζὶᾞκῑὲ)
440 1928 530 1995 1ihi'li
546 1934 595 1969 ad
619 1945 777 1968 omnem
796 1931 1001 1980 agenciam
1019 1931 1308 1979 supradictam,
1333 1940 1370 1967 et
1392 1930 1447 1966 sic
1471 1929 1646 1978 quelibet
1664 1927 1854 1972 essencia,

266 2008 301 2061 pr
320 2004 359 2061 iis
380 1997 521 2066 ess-'euplius
546 1992 605 2027 vel
637 1990 799 2038 propria
834 1989 966 2038 passio
1000 2002 1079 2038 qua
1113 1989 1289 2025 essencia
1329 2001 1399 2036 per
1436 2000 1476 2024 se
1508 1986 1634 2023 tendit
1666 1985 1706 2021 in
1739 1998 1852 2021 suum

280 2042 314 2061 Cn
341 2041 432 2063 ellcv·
453 2041 461 2059 l

259 2069 344 2096 stiict
364 2075 453 2095 sense
471 2067 492 2094 it
506 2066 531 2093 is

617 2178 644 2205 q.
672 2170 736 2198 MS.
763 2169 777 2196 3
804 2170 834 2196 in
861 2178 961 2204 marg.
1036 2169 1075 2196 25.
1104 2169 1168 2197 MS.
1196 2168 1301 2196 crediti
1322 2184 1353 2187 *-
1374 2167 1538 2195 credendi?

624 2264 648 2284 1.
686 2253 912 2285 Illuminaci'o
953 2253 1068 2285 medii.
1115 2251 1218 2293 Light
1252 2261 1322 2282 was
1359 2250 1536 2293 supposed
1574 2256 1610 2280 to
1649 2248 1689 2280 be
1729 2259 1771 2279 an
1804 2249 1856 2279 in-

548 2306 772 2330 stantaneous
791 2306 1001 2330 movement.
1097 2310 1130 2338 4.
1150 2298 1406 2340 spiritualiter.
1426 2298 1491 2328 See
1508 2297 1554 2328 St.
1574 2294 1740 2336 Thomas⁷
1760 2295 1855 2326 Sum.

549 2346 674 2377 Theol.
705 2349 736 2376 1¹³
766 2356 855 2387 parS,
883 2356 940 2387 qu.
969 2346 1022 2386 78,
1049 2350 1110 2376 art.
1140 2345 1169 2384 3,
1209 2344 1262 2375 sor
1293 2353 1334 2374 an
1363 2342 1569 2374 elucidation
1597 2341 1636 2372 of
1657 2341 1724 2372 this
1755 2348 1855 2372 term.

550 2393 601 2423 He
628 2391 877 2433 distinguishes
904 2391 1061 2422 between
1093 2390 1151 2421 the
1183 2390 1333 2431 changes
1360 2389 1538 2430 produced
1572 2387 1615 2430 by
1642 2397 1683 2417 an
1711 2387 1857 2418 exterior

548 2438 672 2478 object.
709 2439 814 2469 Some
845 2448 902 2469 are
935 2438 966 2468 in
994 2436 1051 2468 the
1077 2447 1221 2478 sensory
1248 2446 1353 2477 organ
1383 2436 1414 2466 in
1442 2435 1498 2466 the
1531 2444 1626 2465 same
1654 2443 1796 2464 manner
1821 2442 1857 2463 as

550 2486 581 2515 in
609 2483 667 2515 the
691 2483 816 2524 object,
843 2494 873 2516 v.
899 2494 930 2525 g.
956 2483 1036 2514 heat
1060 2493 1101 2514 or
1127 2483 1204 2514 cold
1231 2481 1439 2524 (secundum
1466 2489 1538 2512 esse
1569 2478 1749 2520 naturale).
1793 2479 1857 2509 But

550 2530 607 2561 the
633 2529 713 2561 heat
738 2540 778 2560 as
795 2530 877 2572 felt,
909 2530 936 2560 is
963 2536 1021 2560 not
1048 2530 1080 2559 in
1107 2529 1165 2560 the
1192 2528 1316 2570 object,
1356 2528 1416 2558 but
1443 2528 1475 2558 in
1502 2526 1559 2557 the
1586 2525 1718 2562 subiect
1745 2525 1856 2555 alone.

551 2577 615 2607 and
642 2575 711 2607 this
727 2574 881 2617 change'
875 2584 924 2606 ι5
921 2575 1134 2607 'secundum
1155 2585 1226 2607 esse
1246 2571 1448 2635 spirituale’'
1459 2584 1466 2615 ;
1493 2572 1622 2611 others,
1650 2582 1686 2602 as
1706 2571 1856 2607 colours,

553 2628 606 2653 tor
626 2622 788 2661 instance,
818 2622 964 2663 impress
983 2632 1046 2653 our
1064 2631 1191 2663 organs
1210 2621 1318 2662 onl)
1325 2620 1529 2651 ‘secundum
1549 2628 1621 2651 esse
1641 2615 1838 2658 spirituale⁷⁵
1849 2627 1857 2656 ;

552 2668 605 2699 tor
629 2667 686 2699 the
714 2668 836 2699 colour
861 2667 901 2699 of
923 2678 940 2699 a
967 2668 1042 2699 red·
1047 2667 1109 2698 hot
1134 2667 1241 2709 poker
1267 2667 1350 2697 does
1377 2672 1438 2696 not
1463 2675 1542 2706 pass
1568 2664 1640 2695 into
1668 2663 1724 2694 the
1744 2672 1805 2693 exe
1821 2672 1857 2692 as

552 2715 594 2745 its
612 2713 692 2745 heat
710 2724 829 2755 passes
854 2714 926 2745 into
953 2713 1012 2745 the
1029 2713 1133 2745 hand.
1234 2712 1282 2745 16.
1310 2711 1544 2744 Accitientale.
1571 2711 1659 2741 Note
1677 2708 1735 2740 the
1753 2708 1856 2749 sharp

554 2760 748 2791 distinction
767 2760 924 2791 between
943 2760 1189 2799 accidents‚m
1156 2759 1318 2800 meaning
1329 2758 1564 2800 phenomena,
1586 2756 1652 2787 and
1673 2755 1857 2793 accidents,

554 2807 714 2847 meaning
742 2806 1020 2838 non-essentials.

1866 843 1902 863 lo

1869 1122 1904 1153 15

1871 1701 1910 1732 25

1871 1991 1912 2022 30
