<?xml version="1.0" encoding="UTF-8"?>
<!DOCTYPE html PUBLIC "-//W3C//DTD XHTML 1.0 Transitional//EN"
    "http://www.w3.org/TR/xhtml1/DTD/xhtml1-transitional.dtd">
<html xmlns="http://www.w3.org/1999/xhtml" xml:lang="en" lang="en">
 <head>
  <title>
</title>
<meta http-equiv="Content-Type" content="text/html;charset=utf-8" />
  <meta name='ocr-system' content='tesseract 3.04.00' />
  <meta name='ocr-capabilities' content='ocr_page ocr_carea ocr_par ocr_line ocrx_word'/>
</head>
<body>
  <div class='ocr_page' id='page_1' title='image "./miscellaneaphilo01wycl_0158.png"; bbox 0 0 2148 3330; ppageno 0'>
   <div class='ocr_carea' id='block_1_1' title="bbox 252 211 1850 255">
    <p class='ocr_par' dir='ltr' id='par_1_1' title="bbox 252 211 1850 255">
     <span class='ocr_line' id='line_1_1' title="bbox 252 211 1850 255; baseline -0.011 0"><span class='ocrx_word' id='word_1_1' title='bbox 252 218 303 255; x_wconf 78' lang='lat'><strong>68</strong></span> <span class='ocrx_word' id='word_1_2' title='bbox 975 216 1200 249; x_wconf 79' lang='lat' dir='ltr'><strong>JOHANNIS</strong></span> <span class='ocrx_word' id='word_1_3' title='bbox 1227 215 1413 247; x_wconf 76' lang='lat' dir='ltr'>WYCLIF</span> <span class='ocrx_word' id='word_1_4' title='bbox 1718 211 1806 239; x_wconf 79' lang='lat' dir='ltr'><strong>CAP.</strong></span> <span class='ocrx_word' id='word_1_5' title='bbox 1829 212 1850 239; x_wconf 92' lang='grc' dir='ltr'><strong>Ι.</strong></span> 
     </span>
    </p>
   </div>
   <div class='ocr_carea' id='block_1_2' title="bbox 259 321 1853 436">
    <p class='ocr_par' dir='ltr' id='par_1_2' title="bbox 259 321 1853 436">
     <span class='ocr_line' id='line_1_2' title="bbox 284 321 1853 373; baseline -0.007 -7"><span class='ocrx_word' id='word_1_6' title='bbox 284 340 350 367; x_wconf 76' lang='lat' dir='ltr'><strong>The</strong></span> <span class='ocrx_word' id='word_1_7' title='bbox 371 337 491 373; x_wconf 75' lang='lat' dir='ltr'><strong>general</strong></span> <span class='ocrx_word' id='word_1_8' title='bbox 543 337 578 364; x_wconf 88' lang='lat' dir='ltr'><strong>et</strong></span> <span class='ocrx_word' id='word_1_9' title='bbox 613 327 743 362; x_wconf 87' lang='lat' dir='ltr'><strong>dicere</strong></span> <span class='ocrx_word' id='word_1_10' title='bbox 777 325 885 372; x_wconf 82' lang='lat' dir='ltr'><strong>quod</strong></span> <span class='ocrx_word' id='word_1_11' title='bbox 919 324 989 359; x_wconf 84' lang='lat' dir='ltr'><strong>lzoc</strong></span> <span class='ocrx_word' id='word_1_12' title='bbox 1016 322 1153 370; x_wconf 81' lang='lat' dir='ltr'><strong>potuit,</strong></span> <span class='ocrx_word' id='word_1_13' title='bbox 1185 322 1245 357; x_wconf 85' lang='lat' dir='ltr'><strong>vcl</strong></span> <span class='ocrx_word' id='word_1_14' title='bbox 1275 321 1419 370; x_wconf 79' lang='lat' dir='ltr'><strong>poterit</strong></span> <span class='ocrx_word' id='word_1_15' title='bbox 1452 321 1507 357; x_wconf 91' lang='lat' dir='ltr'><strong>sic</strong></span> <span class='ocrx_word' id='word_1_16' title='bbox 1541 333 1581 357; x_wconf 88' lang='lat' dir='ltr'><strong>se</strong></span> <span class='ocrx_word' id='word_1_17' title='bbox 1612 322 1770 357; x_wconf 87' lang='lat' dir='ltr'><strong>habere.</strong></span> <span class='ocrx_word' id='word_1_18' title='bbox 1805 322 1853 356; x_wconf 88' lang='lat' dir='ltr'><strong>Et</strong></span> 
     </span>
     <span class='ocr_line' id='line_1_3' title="bbox 259 373 1853 436; baseline -0.006 -13"><span class='ocrx_word' id='word_1_19' title='bbox 259 373 463 436; x_wconf 46' lang='lat' dir='ltr'><strong>{Zfflffleig&#39;ss</strong></span> <span class='ocrx_word' id='word_1_20' title='bbox 477 379 528 432; x_wconf 64' lang='lat' dir='ltr'><strong>abrec</strong></span> <span class='ocrx_word' id='word_1_21' title='bbox 543 394 632 421; x_wconf 89' lang='lat' dir='ltr'><strong>sunt</strong></span> <span class='ocrx_word' id='word_1_22' title='bbox 664 395 803 419; x_wconf 85' lang='lat' dir='ltr'><strong>omnes</strong></span> <span class='ocrx_word' id='word_1_23' title='bbox 837 380 1115 417; x_wconf 81' lang='lat' dir='ltr'>conclusiones</span> <span class='ocrx_word' id='word_1_24' title='bbox 1148 378 1326 427; x_wconf 77' lang='lat' dir='ltr'>predicte</span> <span class='ocrx_word' id='word_1_25' title='bbox 1366 380 1631 415; x_wconf 80' lang='lat' dir='ltr'><strong>concedende.</strong></span> <span class='ocrx_word' id='word_1_26' title='bbox 1687 380 1853 414; x_wconf 89' lang='lat' dir='ltr'><strong>Verum-</strong></span> 
     </span>
    </p>
   </div>
   <div class='ocr_carea' id='block_1_3' title="bbox 279 435 1852 511">
    <p class='ocr_par' dir='ltr' id='par_1_3' title="bbox 279 435 1852 511">
     <span class='ocr_line' id='line_1_4' title="bbox 279 435 1852 511; baseline -0.006 -31"><span class='ocrx_word' id='word_1_27' title='bbox 279 448 468 511; x_wconf 49' lang='lat' dir='ltr'><strong>butffigssussgh</strong></span> <span class='ocrx_word' id='word_1_28' title='bbox 491 482 506 500; x_wconf 84' lang='lat' dir='ltr'><strong>a</strong></span> <span class='ocrx_word' id='word_1_29' title='bbox 543 452 677 479; x_wconf 86' lang='lat' dir='ltr'><strong>tamen</strong></span> <span class='ocrx_word' id='word_1_30' title='bbox 712 453 792 476; x_wconf 91' lang='lat' dir='ltr'><strong>non</strong></span> <span class='ocrx_word' id='word_1_31' title='bbox 825 447 882 475; x_wconf 86' lang='lat' dir='ltr'><strong>est</strong></span> <span class='ocrx_word' id='word_1_32' title='bbox 914 437 1103 486; x_wconf 87' lang='lat' dir='ltr'><strong>possibile</strong></span> <span class='ocrx_word' id='word_1_33' title='bbox 1138 445 1340 473; x_wconf 87' lang='lat' dir='ltr'><strong>mortuum</strong></span> <span class='ocrx_word' id='word_1_34' title='bbox 1374 436 1516 481; x_wconf 86' lang='lat' dir='ltr'><strong>vivere,</strong></span> <span class='ocrx_word' id='word_1_35' title='bbox 1551 445 1617 472; x_wconf 84' lang='lat' dir='ltr'><strong>a-ut</strong></span> <span class='ocrx_word' id='word_1_36' title='bbox 1648 435 1852 472; x_wconf 87' lang='lat' dir='ltr'><strong>hominem</strong></span> 
     </span>
    </p>
   </div>
   <div class='ocr_carea' id='block_1_4' title="bbox 262 494 1891 616">
    <p class='ocr_par' dir='ltr' id='par_1_4' title="bbox 262 494 1891 616">
     <span class='ocr_line' id='line_1_5' title="bbox 267 494 1855 546; baseline -0.006 -7"><span class='ocrx_word' id='word_1_37' title='bbox 267 512 342 540; x_wconf 76' lang='lat' dir='ltr'><strong>dead</strong></span> <span class='ocrx_word' id='word_1_38' title='bbox 366 519 435 538; x_wconf 76' lang='lat' dir='ltr'><strong>man</strong></span> <span class='ocrx_word' id='word_1_39' title='bbox 457 517 511 536; x_wconf 83' lang='lat' dir='ltr'><strong>can</strong></span> <span class='ocrx_word' id='word_1_40' title='bbox 546 499 674 536; x_wconf 88' lang='lat' dir='ltr'><strong>redire</strong></span> <span class='ocrx_word' id='word_1_41' title='bbox 702 506 790 546; x_wconf 89' lang='lat' dir='ltr'><strong>post</strong></span> <span class='ocrx_word' id='word_1_42' title='bbox 820 495 879 532; x_wconf 91' lang='lat' dir='ltr'><strong>sui</strong></span> <span class='ocrx_word' id='word_1_43' title='bbox 904 495 1203 543; x_wconf 86' lang='lat' dir='ltr'><strong>corupcionem,</strong></span> <span class='ocrx_word' id='word_1_44' title='bbox 1236 495 1296 530; x_wconf 92' lang='lat' dir='ltr'><strong>vel</strong></span> <span class='ocrx_word' id='word_1_45' title='bbox 1330 506 1518 530; x_wconf 86' lang='lat' dir='ltr'><strong>revocare</strong></span> <span class='ocrx_word' id='word_1_46' title='bbox 1549 495 1714 530; x_wconf 92' lang='lat' dir='ltr'><strong>verbum</strong></span> <span class='ocrx_word' id='word_1_47' title='bbox 1747 494 1855 530; x_wconf 92' lang='lat' dir='ltr'><strong>locu-</strong></span> 
     </span>
     <span class='ocr_line' id='line_1_6' title="bbox 262 547 1891 616; baseline -0.004 -23"><span class='ocrx_word' id='word_1_48' title='bbox 262 547 530 616; x_wconf 45' lang='grc' dir='ltr'><strong>Ιῑξζὲἀῗὶξεῇῧῖζὲἳξ</strong></span> <span class='ocrx_word' id='word_1_49' title='bbox 546 567 645 602; x_wconf 76' lang='lat' dir='ltr'><strong>turn,</strong></span> <span class='ocrx_word' id='word_1_50' title='bbox 679 564 717 592; x_wconf 88' lang='lat' dir='ltr'><strong>et</strong></span> <span class='ocrx_word' id='word_1_51' title='bbox 749 555 804 591; x_wconf 90' lang='lat' dir='ltr'><strong>sic</strong></span> <span class='ocrx_word' id='word_1_52' title='bbox 839 555 886 589; x_wconf 91' lang='lat' dir='ltr'><strong>de</strong></span> <span class='ocrx_word' id='word_1_53' title='bbox 919 552 1005 590; x_wconf 87' lang='lat' dir='ltr'><strong>aliis</strong></span> <span class='ocrx_word' id='word_1_54' title='bbox 1039 552 1080 588; x_wconf 92' lang='lat' dir='ltr'><strong>in</strong></span> <span class='ocrx_word' id='word_1_55' title='bbox 1112 565 1230 588; x_wconf 89' lang='lat' dir='ltr'><strong>sensu</strong></span> <span class='ocrx_word' id='word_1_56' title='bbox 1264 551 1490 600; x_wconf 89' lang='lat' dir='ltr'><strong>composito</strong></span> <span class='ocrx_word' id='word_1_57' title='bbox 1528 551 1685 596; x_wconf 88' lang='lat' dir='ltr'><strong>locutis,</strong></span> <span class='ocrx_word' id='word_1_58' title='bbox 1726 559 1784 587; x_wconf 89' lang='lat' dir='ltr'><strong>set</strong></span> <span class='ocrx_word' id='word_1_59' title='bbox 1816 551 1891 586; x_wconf 78' lang='lat' dir='ltr'><strong>in5</strong></span> 
     </span>
    </p>
   </div>
   <div class='ocr_carea' id='block_1_5' title="bbox 258 609 1857 678">
    <p class='ocr_par' dir='ltr' id='par_1_5' title="bbox 258 609 1857 678">
     <span class='ocr_line' id='line_1_7' title="bbox 258 609 1857 678; baseline -0.008 -21"><span class='ocrx_word' id='word_1_60' title='bbox 258 660 273 678; x_wconf 76' lang='lat' dir='ltr'><strong>a</strong></span> <span class='ocrx_word' id='word_1_61' title='bbox 294 614 475 677; x_wconf 49' lang='lat' dir='ltr'><strong>woffiarciiiiv</strong></span> <span class='ocrx_word' id='word_1_62' title='bbox 496 647 532 673; x_wconf 77' lang='lat' dir='ltr'><strong>be</strong></span> <span class='ocrx_word' id='word_1_63' title='bbox 547 627 663 651; x_wconf 87' lang='lat' dir='ltr'><strong>sensu</strong></span> <span class='ocrx_word' id='word_1_64' title='bbox 682 612 806 649; x_wconf 88' lang='lat' dir='ltr'><strong>diviso</strong></span> <span class='ocrx_word' id='word_1_65' title='bbox 826 620 918 648; x_wconf 91' lang='lat' dir='ltr'><strong>sunt</strong></span> <span class='ocrx_word' id='word_1_66' title='bbox 941 610 1231 659; x_wconf 87' lang='lat' dir='ltr'><strong>proporciones</strong></span> <span class='ocrx_word' id='word_1_67' title='bbox 1253 610 1351 646; x_wconf 88' lang='lat' dir='ltr'><strong>tales</strong></span> <span class='ocrx_word' id='word_1_68' title='bbox 1375 609 1576 657; x_wconf 82' lang='lat' dir='ltr'><strong>simplices</strong></span> <span class='ocrx_word' id='word_1_69' title='bbox 1600 610 1857 646; x_wconf 87' lang='lat' dir='ltr'><strong>concedende</strong></span> 
     </span>
    </p>
   </div>
   <div class='ocr_carea' id='block_1_6' title="bbox 259 666 1859 781">
    <p class='ocr_par' dir='ltr' id='par_1_6' title="bbox 259 666 1859 781">
     <span class='ocr_line' id='line_1_8' title="bbox 270 666 1855 719; baseline -0.006 -7"><span class='ocrx_word' id='word_1_70' title='bbox 270 685 385 719; x_wconf 73' lang='lat' dir='ltr'><strong>spoken</strong></span> <span class='ocrx_word' id='word_1_71' title='bbox 407 691 442 710; x_wconf 80' lang='grc' dir='ltr'><strong>οι·</strong></span> <span class='ocrx_word' id='word_1_72' title='bbox 463 686 516 708; x_wconf 86' lang='lat' dir='ltr'><strong>not</strong></span> <span class='ocrx_word' id='word_1_73' title='bbox 548 684 631 709; x_wconf 88' lang='lat' dir='ltr'><strong>esse</strong></span> <span class='ocrx_word' id='word_1_74' title='bbox 663 670 884 719; x_wconf 85' lang='lat' dir='ltr'><strong>possibiles.</strong></span> <span class='ocrx_word' id='word_1_75' title='bbox 919 671 967 705; x_wconf 84' lang='lat' dir='ltr'><strong>Et</strong></span> <span class='ocrx_word' id='word_1_76' title='bbox 999 677 1095 704; x_wconf 91' lang='lat' dir='ltr'><strong>tunc</strong></span> <span class='ocrx_word' id='word_1_77' title='bbox 1128 668 1308 716; x_wconf 87' lang='lat' dir='ltr'><strong>negande</strong></span> <span class='ocrx_word' id='word_1_78' title='bbox 1341 676 1432 703; x_wconf 89' lang='lat' dir='ltr'><strong>sunt</strong></span> <span class='ocrx_word' id='word_1_79' title='bbox 1466 667 1540 703; x_wconf 88' lang='lat' dir='ltr'><strong>alie</strong></span> <span class='ocrx_word' id='word_1_80' title='bbox 1573 676 1766 715; x_wconf 86' lang='lat' dir='ltr'><strong>tanquam</strong></span> <span class='ocrx_word' id='word_1_81' title='bbox 1801 666 1855 702; x_wconf 92' lang='lat' dir='ltr'><strong>in-</strong></span> 
     </span>
     <span class='ocr_line' id='line_1_9' title="bbox 259 719 1859 781; baseline -0.005 -13"><span class='ocrx_word' id='word_1_82' title='bbox 259 719 852 781; x_wconf 46' lang='lat' dir='ltr'><strong>sffgcffist‘dbgfhsssstcompossibiles</strong></span> <span class='ocrx_word' id='word_1_83' title='bbox 890 725 1107 774; x_wconf 83' lang='lat' dir='ltr'>prioribus.</span> <span class='ocrx_word' id='word_1_84' title='bbox 1162 727 1209 761; x_wconf 79' lang='lat' dir='ltr'><strong>Et</strong></span> <span class='ocrx_word' id='word_1_85' title='bbox 1242 725 1333 762; x_wconf 89' lang='lat' dir='ltr'><strong>ideo</strong></span> <span class='ocrx_word' id='word_1_86' title='bbox 1366 725 1570 773; x_wconf 82' lang='lat' dir='ltr'><strong>signanter</strong></span> <span class='ocrx_word' id='word_1_87' title='bbox 1603 724 1699 761; x_wconf 86' lang='lat' dir='ltr'><strong>dicit</strong></span> <span class='ocrx_word' id='word_1_88' title='bbox 1731 724 1859 772; x_wconf 89' lang='lat' dir='ltr'><strong>philo-</strong></span> 
     </span>
    </p>
   </div>
   <div class='ocr_carea' id='block_1_7' title="bbox 286 781 1861 835">
    <p class='ocr_par' dir='ltr' id='par_1_7' title="bbox 286 781 1861 835">
     <span class='ocr_line' id='line_1_10' title="bbox 286 781 1861 835; baseline -0.004 -12"><span class='ocrx_word' id='word_1_89' title='bbox 286 796 362 815; x_wconf 69' lang='lat'><em>01100</em></span> <span class='ocrx_word' id='word_1_90' title='bbox 382 787 509 822; x_wconf 74' lang='lat' dir='ltr'><strong>spoken.</strong></span> <span class='ocrx_word' id='word_1_91' title='bbox 548 788 709 835; x_wconf 86' lang='lat' dir='ltr'><strong>sophus,</strong></span> <span class='ocrx_word' id='word_1_92' title='bbox 750 786 860 834; x_wconf 86' lang='lat' dir='ltr'><strong>quod</strong></span> <span class='ocrx_word' id='word_1_93' title='bbox 899 797 920 821; x_wconf 89' lang='lat' dir='ltr'><strong>a</strong></span> <span class='ocrx_word' id='word_1_94' title='bbox 959 783 1191 832; x_wconf 84' lang='lat' dir='ltr'><strong>privacione</strong></span> <span class='ocrx_word' id='word_1_95' title='bbox 1230 784 1279 819; x_wconf 88' lang='lat' dir='ltr'><strong>ad</strong></span> <span class='ocrx_word' id='word_1_96' title='bbox 1312 783 1492 819; x_wconf 90' lang='lat' dir='ltr'><strong>habitum</strong></span> <span class='ocrx_word' id='word_1_97' title='bbox 1527 781 1770 831; x_wconf 87' lang='lat' dir='ltr'><strong>inpossibilis</strong></span> <span class='ocrx_word' id='word_1_98' title='bbox 1804 791 1861 818; x_wconf 87' lang='lat' dir='ltr'><strong>est</strong></span> 
     </span>
    </p>
   </div>
   <div class='ocr_carea' id='block_1_8' title="bbox 550 839 1920 893">
    <p class='ocr_par' dir='ltr' id='par_1_8' title="bbox 550 839 1920 893">
     <span class='ocr_line' id='line_1_11' title="bbox 550 839 1920 893; baseline -0.005 -12"><span class='ocrx_word' id='word_1_99' title='bbox 550 843 757 893; x_wconf 82' lang='lat' dir='ltr'><strong>regressio,</strong></span> <span class='ocrx_word' id='word_1_100' title='bbox 811 851 848 879; x_wconf 92' lang='lat' dir='ltr'><strong>et</strong></span> <span class='ocrx_word' id='word_1_101' title='bbox 895 841 1128 890; x_wconf 87' lang='lat' dir='ltr'><strong>impossible</strong></span> <span class='ocrx_word' id='word_1_102' title='bbox 1181 849 1238 878; x_wconf 91' lang='lat' dir='ltr'><strong>est</strong></span> <span class='ocrx_word' id='word_1_103' title='bbox 1290 840 1442 889; x_wconf 86' lang='lat' dir='ltr'><strong>aliquid</strong></span> <span class='ocrx_word' id='word_1_104' title='bbox 1488 840 1617 877; x_wconf 86' lang='lat' dir='ltr'><strong>redire</strong></span> <span class='ocrx_word' id='word_1_105' title='bbox 1661 849 1752 888; x_wconf 87' lang='lat' dir='ltr'><strong>post</strong></span> <span class='ocrx_word' id='word_1_106' title='bbox 1801 839 1920 876; x_wconf 77' lang='lat' dir='ltr'><strong>suim</strong></span> 
     </span>
    </p>
   </div>
   <div class='ocr_carea' id='block_1_9' title="bbox 263 898 1862 1017">
    <p class='ocr_par' dir='ltr' id='par_1_9' title="bbox 263 898 1862 1017">
     <span class='ocr_line' id='line_1_12' title="bbox 263 898 1862 952; baseline -0.006 -9"><span class='ocrx_word' id='word_1_107' title='bbox 263 914 534 952; x_wconf 69' lang='lat' dir='ltr'><strong>Givcnthathan</strong></span> <span class='ocrx_word' id='word_1_108' title='bbox 552 901 854 950; x_wconf 86' lang='lat' dir='ltr'><strong>corupcionem.</strong></span> <span class='ocrx_word' id='word_1_109' title='bbox 888 901 936 936; x_wconf 89' lang='lat' dir='ltr'><strong>Et</strong></span> <span class='ocrx_word' id='word_1_110' title='bbox 967 899 1023 936; x_wconf 88' lang='lat' dir='ltr'><strong>sic</strong></span> <span class='ocrx_word' id='word_1_111' title='bbox 1056 900 1103 936; x_wconf 92' lang='lat' dir='ltr'><strong>de</strong></span> <span class='ocrx_word' id='word_1_112' title='bbox 1137 898 1288 937; x_wconf 82' lang='lat' dir='ltr'><strong>ceteris,</strong></span> <span class='ocrx_word' id='word_1_113' title='bbox 1343 898 1476 935; x_wconf 80' lang='lat' dir='ltr'><strong>Posito</strong></span> <span class='ocrx_word' id='word_1_114' title='bbox 1509 898 1630 946; x_wconf 86' lang='lat' dir='ltr'><strong>igitur</strong></span> <span class='ocrx_word' id='word_1_115' title='bbox 1657 899 1765 946; x_wconf 87' lang='lat' dir='ltr'><strong>quod</strong></span> <span class='ocrx_word' id='word_1_116' title='bbox 1789 910 1862 945; x_wconf 82' lang='lat' dir='ltr'><strong>ego</strong></span> 
     </span>
     <span class='ocr_line' id='line_1_13' title="bbox 276 952 1860 1017; baseline -0.007 -16"><span class='ocrx_word' id='word_1_117' title='bbox 276 958 385 1012; x_wconf 43' lang='lat' dir='ltr'><strong>elgifu}</strong></span> <span class='ocrx_word' id='word_1_118' title='bbox 403 952 517 1017; x_wconf 35' lang='lat' dir='ltr'><strong>{502³}ss</strong></span> <span class='ocrx_word' id='word_1_119' title='bbox 551 972 687 997; x_wconf 86' lang='lat' dir='ltr'><strong>sanem</strong></span> <span class='ocrx_word' id='word_1_120' title='bbox 728 959 888 995; x_wconf 89' lang='lat' dir='ltr'><strong>oculum</strong></span> <span class='ocrx_word' id='word_1_121' title='bbox 928 956 1167 1001; x_wconf 77' lang='lat' dir='ltr'><strong>Aristotelis,</strong></span> <span class='ocrx_word' id='word_1_122' title='bbox 1213 965 1280 992; x_wconf 90' lang='lat' dir='ltr'><strong>aut</strong></span> <span class='ocrx_word' id='word_1_123' title='bbox 1319 969 1545 1004; x_wconf 87' lang='lat' dir='ltr'><strong>preservem</strong></span> <span class='ocrx_word' id='word_1_124' title='bbox 1591 955 1860 1004; x_wconf 85' lang='lat' dir='ltr'><strong>virginitatem</strong></span> 
     </span>
    </p>
   </div>
   <div class='ocr_carea' id='block_1_10' title="bbox 268 1013 1862 1082">
    <p class='ocr_par' dir='ltr' id='par_1_10' title="bbox 268 1013 1862 1082">
     <span class='ocr_line' id='line_1_14' title="bbox 268 1013 1862 1082; baseline -0.006 -25"><span class='ocrx_word' id='word_1_125' title='bbox 268 1015 530 1082; x_wconf 35' lang='grc' dir='ltr'><strong>ξξῐᾊθέἧῗῖἑέῑέἒῑεξὲ</strong></span> <span class='ocrx_word' id='word_1_126' title='bbox 552 1017 773 1061; x_wconf 85' lang='lat' dir='ltr'><strong>cuiusdam,</strong></span> <span class='ocrx_word' id='word_1_127' title='bbox 812 1016 1040 1064; x_wconf 87' lang='lat' dir='ltr'><strong>negandum</strong></span> <span class='ocrx_word' id='word_1_128' title='bbox 1075 1023 1133 1052; x_wconf 89' lang='lat' dir='ltr'><strong>est</strong></span> <span class='ocrx_word' id='word_1_129' title='bbox 1165 1015 1273 1062; x_wconf 88' lang='lat' dir='ltr'><strong>quod</strong></span> <span class='ocrx_word' id='word_1_130' title='bbox 1306 1014 1539 1050; x_wconf 87' lang='lat' dir='ltr'><strong>Aristoteles</strong></span> <span class='ocrx_word' id='word_1_131' title='bbox 1578 1013 1628 1050; x_wconf 92' lang='lat' dir='ltr'><strong>sit</strong></span> <span class='ocrx_word' id='word_1_132' title='bbox 1660 1022 1862 1061; x_wconf 69' lang='lat' dir='ltr'><strong>coruptus,</strong></span> 
     </span>
    </p>
   </div>
   <div class='ocr_carea' id='block_1_11' title="bbox 307 1071 1862 1119">
    <p class='ocr_par' dir='ltr' id='par_1_11' title="bbox 307 1071 1862 1119">
     <span class='ocr_line' id='line_1_15' title="bbox 307 1071 1862 1119; baseline -0.005 -3"><span class='ocrx_word' id='word_1_133' title='bbox 307 1097 368 1116; x_wconf 72' lang='lat' dir='ltr'><strong>vnor</strong></span> <span class='ocrx_word' id='word_1_134' title='bbox 389 1087 484 1115; x_wconf 81' lang='lat' dir='ltr'><strong>blind.</strong></span> <span class='ocrx_word' id='word_1_135' title='bbox 552 1077 613 1113; x_wconf 88' lang='lat' dir='ltr'><strong>vel</strong></span> <span class='ocrx_word' id='word_1_136' title='bbox 644 1076 784 1112; x_wconf 89' lang='lat' dir='ltr'><strong>oculus</strong></span> <span class='ocrx_word' id='word_1_137' title='bbox 816 1073 900 1110; x_wconf 92' lang='lat' dir='ltr'><strong>eius</strong></span> <span class='ocrx_word' id='word_1_138' title='bbox 933 1073 1005 1109; x_wconf 89' lang='lat' dir='ltr'><strong>fuit</strong></span> <span class='ocrx_word' id='word_1_139' title='bbox 1038 1085 1167 1118; x_wconf 80' lang='lat' dir='ltr'><strong>cecuS,</strong></span> <span class='ocrx_word' id='word_1_140' title='bbox 1201 1081 1269 1108; x_wconf 87' lang='lat' dir='ltr'><strong>aut</strong></span> <span class='ocrx_word' id='word_1_141' title='bbox 1300 1073 1393 1108; x_wconf 84' lang='lat' dir='ltr'><strong>data</strong></span> <span class='ocrx_word' id='word_1_142' title='bbox 1419 1071 1561 1107; x_wconf 90' lang='lat' dir='ltr'><strong>mulier</strong></span> <span class='ocrx_word' id='word_1_143' title='bbox 1584 1071 1658 1108; x_wconf 89' lang='lat' dir='ltr'><strong>fuit</strong></span> <span class='ocrx_word' id='word_1_144' title='bbox 1680 1079 1862 1119; x_wconf 89' lang='lat' dir='ltr'><strong>corupta.</strong></span> 
     </span>
    </p>
   </div>
   <div class='ocr_carea' id='block_1_12' title="bbox 554 1129 1922 1240">
    <p class='ocr_par' dir='ltr' id='par_1_12' title="bbox 554 1129 1922 1240">
     <span class='ocr_line' id='line_1_16' title="bbox 554 1129 1922 1178; baseline -0.004 -8"><span class='ocrx_word' id='word_1_145' title='bbox 554 1133 704 1171; x_wconf 87' lang='lat' dir='ltr'><strong>Omnia</strong></span> <span class='ocrx_word' id='word_1_146' title='bbox 744 1132 849 1168; x_wconf 90' lang='lat' dir='ltr'><strong>enim</strong></span> <span class='ocrx_word' id='word_1_147' title='bbox 889 1131 957 1167; x_wconf 86' lang='lat' dir='ltr'><strong>illa</strong></span> <span class='ocrx_word' id='word_1_148' title='bbox 994 1138 1218 1178; x_wconf 80' lang='lat' dir='ltr'><strong>repugnant</strong></span> <span class='ocrx_word' id='word_1_149' title='bbox 1251 1129 1395 1177; x_wconf 84' lang='lat' dir='ltr'><strong>posito,</strong></span> <span class='ocrx_word' id='word_1_150' title='bbox 1439 1139 1475 1166; x_wconf 90' lang='lat' dir='ltr'><strong>et</strong></span> <span class='ocrx_word' id='word_1_151' title='bbox 1507 1129 1561 1166; x_wconf 90' lang='lat' dir='ltr'><strong>sic</strong></span> <span class='ocrx_word' id='word_1_152' title='bbox 1594 1142 1675 1166; x_wconf 93' lang='lat' dir='ltr'><strong>non</strong></span> <span class='ocrx_word' id='word_1_153' title='bbox 1707 1137 1865 1177; x_wconf 86' lang='lat' dir='ltr'><strong>reputat</strong></span> <span class='ocrx_word' id='word_1_154' title='bbox 1887 1130 1922 1163; x_wconf 77' lang='lat'><strong>15</strong></span> 
     </span>
     <span class='ocr_line' id='line_1_17' title="bbox 555 1187 1360 1240; baseline -0.006 -12"><span class='ocrx_word' id='word_1_155' title='bbox 555 1190 786 1240; x_wconf 86' lang='lat' dir='ltr'><strong>supradicta</strong></span> <span class='ocrx_word' id='word_1_156' title='bbox 819 1190 985 1225; x_wconf 88' lang='lat' dir='ltr'><strong>reducta</strong></span> <span class='ocrx_word' id='word_1_157' title='bbox 1017 1187 1360 1225; x_wconf 83' lang='lat' dir='ltr'><strong>inconveniencia.</strong></span> 
     </span>
    </p>
   </div>
   <div class='ocr_carea' id='block_1_13' title="bbox 266 1244 1867 1360">
    <p class='ocr_par' dir='ltr' id='par_1_13' title="bbox 266 1244 1867 1360">
     <span class='ocr_line' id='line_1_18' title="bbox 266 1244 1867 1294; baseline -0.007 -3"><span class='ocrx_word' id='word_1_158' title='bbox 266 1263 403 1292; x_wconf 72' lang='lat' dir='ltr'><strong>Butthis</strong></span> <span class='ocrx_word' id='word_1_159' title='bbox 421 1268 541 1289; x_wconf 77' lang='lat' dir='ltr'><strong>answer</strong></span> <span class='ocrx_word' id='word_1_160' title='bbox 614 1250 691 1285; x_wconf 85' lang='lat' dir='ltr'><strong>Sed</strong></span> <span class='ocrx_word' id='word_1_161' title='bbox 736 1256 876 1284; x_wconf 88' lang='lat' dir='ltr'><strong>contra</strong></span> <span class='ocrx_word' id='word_1_162' title='bbox 920 1247 1028 1282; x_wconf 89' lang='lat' dir='ltr'><strong>illam</strong></span> <span class='ocrx_word' id='word_1_163' title='bbox 1082 1245 1329 1294; x_wconf 85' lang='lat' dir='ltr'><strong>posicionem</strong></span> <span class='ocrx_word' id='word_1_164' title='bbox 1378 1244 1536 1281; x_wconf 89' lang='lat' dir='ltr'><strong>videtur</strong></span> <span class='ocrx_word' id='word_1_165' title='bbox 1579 1245 1710 1293; x_wconf 89' lang='lat' dir='ltr'><strong>primo</strong></span> <span class='ocrx_word' id='word_1_166' title='bbox 1759 1245 1867 1292; x_wconf 88' lang='lat' dir='ltr'><strong>quod</strong></span> 
     </span>
     <span class='ocr_line' id='line_1_19' title="bbox 277 1300 1866 1360; baseline -0.008 -11"><span class='ocrx_word' id='word_1_167' title='bbox 277 1300 541 1360; x_wconf 33' lang='lat' dir='ltr'><strong>sexevrgirsdgostxgffist</strong></span> <span class='ocrx_word' id='word_1_168' title='bbox 557 1306 737 1345; x_wconf 84' lang='lat' dir='ltr'><strong>abutitur</strong></span> <span class='ocrx_word' id='word_1_169' title='bbox 768 1304 960 1343; x_wconf 82' lang='lat' dir='ltr'><strong>terminis.</strong></span> <span class='ocrx_word' id='word_1_170' title='bbox 994 1304 1035 1340; x_wconf 84' lang='lat' dir='ltr'><strong>Si</strong></span> <span class='ocrx_word' id='word_1_171' title='bbox 1068 1303 1173 1340; x_wconf 91' lang='lat' dir='ltr'><strong>enim</strong></span> <span class='ocrx_word' id='word_1_172' title='bbox 1209 1312 1304 1340; x_wconf 90' lang='lat' dir='ltr'><strong>tunc</strong></span> <span class='ocrx_word' id='word_1_173' title='bbox 1338 1311 1438 1339; x_wconf 87' lang='lat' dir='ltr'><strong>esset</strong></span> <span class='ocrx_word' id='word_1_174' title='bbox 1466 1315 1583 1352; x_wconf 82' lang='lat' dir='ltr'><strong>posse</strong></span> <span class='ocrx_word' id='word_1_175' title='bbox 1607 1305 1654 1339; x_wconf 87' lang='lat' dir='ltr'><strong>de</strong></span> <span class='ocrx_word' id='word_1_176' title='bbox 1677 1301 1866 1350; x_wconf 84' lang='lat' dir='ltr'><strong>presenti,</strong></span> 
     </span>
    </p>
   </div>
   <div class='ocr_carea' id='block_1_14' title="bbox 296 1360 1867 1429">
    <p class='ocr_par' dir='ltr' id='par_1_14' title="bbox 296 1360 1867 1429">
     <span class='ocr_line' id='line_1_20' title="bbox 296 1360 1867 1429; baseline -0.004 -26"><span class='ocrx_word' id='word_1_177' title='bbox 296 1366 513 1429; x_wconf 53' lang='lat' dir='ltr'><strong>theigeggefflsal</strong></span> <span class='ocrx_word' id='word_1_178' title='bbox 558 1367 606 1402; x_wconf 87' lang='lat' dir='ltr'><strong>de</strong></span> <span class='ocrx_word' id='word_1_179' title='bbox 645 1363 851 1413; x_wconf 80' lang='lat' dir='ltr'><strong>preterito,</strong></span> <span class='ocrx_word' id='word_1_180' title='bbox 897 1371 934 1399; x_wconf 91' lang='lat' dir='ltr'><strong>et</strong></span> <span class='ocrx_word' id='word_1_181' title='bbox 977 1362 1125 1411; x_wconf 82' lang='lat' dir='ltr'><strong>futuro,</strong></span> <span class='ocrx_word' id='word_1_182' title='bbox 1170 1362 1220 1398; x_wconf 87' lang='lat' dir='ltr'><strong>ad</strong></span> <span class='ocrx_word' id='word_1_183' title='bbox 1265 1361 1361 1409; x_wconf 88' lang='lat' dir='ltr'><strong>quid</strong></span> <span class='ocrx_word' id='word_1_184' title='bbox 1402 1360 1564 1408; x_wconf 89' lang='lat' dir='ltr'><strong>ponitur</strong></span> <span class='ocrx_word' id='word_1_185' title='bbox 1596 1362 1672 1397; x_wconf 94' lang='lat' dir='ltr'><strong>hoc</strong></span> <span class='ocrx_word' id='word_1_186' title='bbox 1703 1362 1867 1397; x_wconf 87' lang='lat' dir='ltr'><strong>verbum</strong></span> 
     </span>
    </p>
   </div>
   <div class='ocr_carea' id='block_1_15' title="bbox 267 1417 1930 1474">
    <p class='ocr_par' dir='ltr' id='par_1_15' title="bbox 267 1417 1930 1474">
     <span class='ocr_line' id='line_1_21' title="bbox 267 1417 1930 1474; baseline -0.008 -9"><span class='ocrx_word' id='word_1_187' title='bbox 267 1438 343 1465; x_wconf 78' lang='lat' dir='ltr'><strong>ifto</strong></span> <span class='ocrx_word' id='word_1_188' title='bbox 362 1437 395 1463; x_wconf 77' lang='lat' dir='ltr'><strong>be</strong></span> <span class='ocrx_word' id='word_1_189' title='bbox 412 1434 670 1474; x_wconf 69' lang='lat' dir='ltr'><strong>possibleposse</strong></span> <span class='ocrx_word' id='word_1_190' title='bbox 713 1423 859 1458; x_wconf 85' lang='lat' dir='ltr'><strong>habere</strong></span> <span class='ocrx_word' id='word_1_191' title='bbox 904 1419 1156 1456; x_wconf 87' lang='lat' dir='ltr'><strong>differencias</strong></span> <span class='ocrx_word' id='word_1_192' title='bbox 1199 1427 1443 1467; x_wconf 86' lang='lat' dir='ltr'><strong>temporum,</strong></span> <span class='ocrx_word' id='word_1_193' title='bbox 1489 1431 1579 1455; x_wconf 85' lang='lat' dir='ltr'><strong>curn</strong></span> <span class='ocrx_word' id='word_1_194' title='bbox 1618 1431 1699 1455; x_wconf 91' lang='lat' dir='ltr'><strong>non</strong></span> <span class='ocrx_word' id='word_1_195' title='bbox 1739 1417 1870 1454; x_wconf 88' lang='lat' dir='ltr'><strong>differt</strong></span> <span class='ocrx_word' id='word_1_196' title='bbox 1888 1431 1930 1453; x_wconf 80' lang='lat'><strong>20</strong></span> 
     </span>
    </p>
   </div>
   <div class='ocr_carea' id='block_1_16' title="bbox 270 1471 1521 1538">
    <p class='ocr_par' dir='ltr' id='par_1_16' title="bbox 270 1471 1521 1538">
     <span class='ocr_line' id='line_1_22' title="bbox 270 1471 1521 1538; baseline -0.006 -19"><span class='ocrx_word' id='word_1_197' title='bbox 270 1471 543 1538; x_wconf 35' lang='grc' dir='ltr'><strong>ὃξίᾛέἳςξξῇξζῖξ]</strong></span> <span class='ocrx_word' id='word_1_198' title='bbox 560 1483 636 1518; x_wconf 91' lang='lat' dir='ltr'><strong>hoc</strong></span> <span class='ocrx_word' id='word_1_199' title='bbox 664 1491 780 1529; x_wconf 80' lang='lat' dir='ltr'><strong>posse</strong></span> <span class='ocrx_word' id='word_1_200' title='bbox 811 1487 848 1515; x_wconf 92' lang='lat' dir='ltr'><strong>et</strong></span> <span class='ocrx_word' id='word_1_201' title='bbox 881 1479 957 1514; x_wconf 87' lang='lat' dir='ltr'><strong>hoc</strong></span> <span class='ocrx_word' id='word_1_202' title='bbox 985 1477 1158 1527; x_wconf 80' lang='lat' dir='ltr'><strong>potuisse</strong></span> <span class='ocrx_word' id='word_1_203' title='bbox 1189 1476 1245 1513; x_wconf 88' lang='lat' dir='ltr'><strong>sic</strong></span> <span class='ocrx_word' id='word_1_204' title='bbox 1277 1489 1318 1513; x_wconf 89' lang='lat' dir='ltr'><strong>se</strong></span> <span class='ocrx_word' id='word_1_205' title='bbox 1350 1477 1521 1514; x_wconf 83' lang='lat' dir='ltr'><strong>habere?</strong></span> 
     </span>
    </p>
   </div>
   <div class='ocr_carea' id='block_1_17' title="bbox 270 1533 1872 1611">
    <p class='ocr_par' dir='ltr' id='par_1_17' title="bbox 270 1533 1872 1611">
     <span class='ocr_line' id='line_1_23' title="bbox 270 1533 1872 1611; baseline -0.003 -36"><span class='ocrx_word' id='word_1_206' title='bbox 270 1537 550 1611; x_wconf 47' lang='grc' dir='ltr'><strong>Ῐῑῂῖῑςῡρῑὲξῐὸἓὲᾎὲῐξέ</strong></span> <span class='ocrx_word' id='word_1_207' title='bbox 620 1537 811 1574; x_wconf 86' lang='lat' dir='ltr'><strong>Similiter</strong></span> <span class='ocrx_word' id='word_1_208' title='bbox 854 1535 1011 1572; x_wconf 87' lang='lat' dir='ltr'><strong>videtur</strong></span> <span class='ocrx_word' id='word_1_209' title='bbox 1055 1536 1163 1583; x_wconf 87' lang='lat' dir='ltr'><strong>quod</strong></span> <span class='ocrx_word' id='word_1_210' title='bbox 1206 1543 1350 1571; x_wconf 86' lang='lat' dir='ltr'><strong>natura</strong></span> <span class='ocrx_word' id='word_1_211' title='bbox 1399 1537 1516 1571; x_wconf 90' lang='lat' dir='ltr'><strong>docet</strong></span> <span class='ocrx_word' id='word_1_212' title='bbox 1562 1547 1636 1570; x_wconf 90' lang='lat' dir='ltr'><strong>nos</strong></span> <span class='ocrx_word' id='word_1_213' title='bbox 1685 1533 1872 1582; x_wconf 88' lang='lat' dir='ltr'><strong>opposito</strong></span> 
     </span>
    </p>
   </div>
   <div class='ocr_carea' id='block_1_18' title="bbox 272 1591 1872 1713">
    <p class='ocr_par' dir='ltr' id='par_1_18' title="bbox 272 1591 1872 1713">
     <span class='ocr_line' id='line_1_24' title="bbox 273 1591 1872 1642; baseline -0.008 -3"><span class='ocrx_word' id='word_1_214' title='bbox 273 1613 375 1639; x_wconf 72' lang='lat' dir='ltr'><strong>future</strong></span> <span class='ocrx_word' id='word_1_215' title='bbox 394 1615 491 1640; x_wconf 76' lang='lat' dir='ltr'><strong>tense,</strong></span> <span class='ocrx_word' id='word_1_216' title='bbox 513 1615 547 1634; x_wconf 82' lang='lat' dir='ltr'><strong>so</strong></span> <span class='ocrx_word' id='word_1_217' title='bbox 564 1597 683 1632; x_wconf 89' lang='lat' dir='ltr'><strong>modo</strong></span> <span class='ocrx_word' id='word_1_218' title='bbox 717 1593 841 1642; x_wconf 86' lang='lat' dir='ltr'><strong>loqui.</strong></span> <span class='ocrx_word' id='word_1_219' title='bbox 890 1595 990 1630; x_wconf 85' lang='lat' dir='ltr'><strong>Nam</strong></span> <span class='ocrx_word' id='word_1_220' title='bbox 1024 1592 1218 1629; x_wconf 88' lang='lat' dir='ltr'><strong>naturalis</strong></span> <span class='ocrx_word' id='word_1_221' title='bbox 1251 1592 1472 1640; x_wconf 84' lang='lat' dir='ltr'><strong>prudencia</strong></span> <span class='ocrx_word' id='word_1_222' title='bbox 1506 1594 1621 1629; x_wconf 90' lang='lat' dir='ltr'><strong>docet</strong></span> <span class='ocrx_word' id='word_1_223' title='bbox 1655 1591 1872 1640; x_wconf 85' lang='lat' dir='ltr'><strong>quemlibet</strong></span> 
     </span>
     <span class='ocr_line' id='line_1_25' title="bbox 272 1642 1872 1713; baseline -0.005 -20"><span class='ocrx_word' id='word_1_224' title='bbox 272 1642 643 1713; x_wconf 58' lang='lat' dir='ltr'><strong>Of}{¹‘3}s¹}3}¹a‘}{}{¹?non</strong></span> <span class='ocrx_word' id='word_1_225' title='bbox 676 1650 878 1689; x_wconf 87' lang='lat' dir='ltr'><strong>consiliari</strong></span> <span class='ocrx_word' id='word_1_226' title='bbox 913 1652 960 1688; x_wconf 92' lang='lat' dir='ltr'><strong>de</strong></span> <span class='ocrx_word' id='word_1_227' title='bbox 993 1650 1206 1699; x_wconf 82' lang='lat' dir='ltr'><strong>preteritis,</strong></span> <span class='ocrx_word' id='word_1_228' title='bbox 1241 1650 1354 1686; x_wconf 87' lang='lat' dir='ltr'><strong>sicud</strong></span> <span class='ocrx_word' id='word_1_229' title='bbox 1387 1663 1467 1686; x_wconf 90' lang='lat' dir='ltr'><strong>non</strong></span> <span class='ocrx_word' id='word_1_230' title='bbox 1500 1650 1614 1687; x_wconf 88' lang='lat' dir='ltr'><strong>timet</strong></span> <span class='ocrx_word' id='word_1_231' title='bbox 1648 1650 1872 1698; x_wconf 89' lang='lat' dir='ltr'><strong>periculum</strong></span> 
     </span>
    </p>
   </div>
   <div class='ocr_carea' id='block_1_19' title="bbox 280 1708 1931 1777">
    <p class='ocr_par' dir='ltr' id='par_1_19' title="bbox 280 1708 1931 1777">
     <span class='ocr_line' id='line_1_26' title="bbox 280 1708 1931 1777; baseline -0.005 -27"><span class='ocrx_word' id='word_1_232' title='bbox 280 1712 548 1777; x_wconf 39' lang='lat' dir='ltr'><strong>cnoztrtllssgltffossgkffo</strong></span> <span class='ocrx_word' id='word_1_233' title='bbox 563 1710 816 1760; x_wconf 81' lang='lat' dir='ltr'><strong>preteritum,</strong></span> <span class='ocrx_word' id='word_1_234' title='bbox 841 1710 908 1746; x_wconf 87' lang='lat' dir='ltr'><strong>sed</strong></span> <span class='ocrx_word' id='word_1_235' title='bbox 932 1709 1123 1745; x_wconf 89' lang='lat' dir='ltr'><strong>futurum.</strong></span> <span class='ocrx_word' id='word_1_236' title='bbox 1158 1711 1240 1745; x_wconf 84' lang='lat' dir='ltr'><strong>Nec</strong></span> <span class='ocrx_word' id='word_1_237' title='bbox 1263 1708 1406 1756; x_wconf 88' lang='lat' dir='ltr'><strong>aliquis</strong></span> <span class='ocrx_word' id='word_1_238' title='bbox 1439 1717 1497 1745; x_wconf 87' lang='lat' dir='ltr'><strong>est</strong></span> <span class='ocrx_word' id='word_1_239' title='bbox 1513 1708 1568 1744; x_wconf 88' lang='lat' dir='ltr'><strong>ita</strong></span> <span class='ocrx_word' id='word_1_240' title='bbox 1600 1708 1733 1744; x_wconf 81' lang='lat' dir='ltr'><strong>fatuus</strong></span> <span class='ocrx_word' id='word_1_241' title='bbox 1765 1708 1875 1756; x_wconf 93' lang='lat' dir='ltr'><strong>quod</strong></span> <span class='ocrx_word' id='word_1_242' title='bbox 1892 1710 1931 1742; x_wconf 78' lang='lat'><strong>25</strong></span> 
     </span>
    </p>
   </div>
   <div class='ocr_carea' id='block_1_20' title="bbox 275 1765 1876 1886">
    <p class='ocr_par' dir='ltr' id='par_1_20' title="bbox 275 1765 1876 1886">
     <span class='ocr_line' id='line_1_27' title="bbox 275 1765 1876 1820; baseline -0.007 -8"><span class='ocrx_word' id='word_1_243' title='bbox 275 1785 314 1811; x_wconf 80' lang='lat' dir='ltr'><strong>do</strong></span> <span class='ocrx_word' id='word_1_244' title='bbox 336 1788 404 1819; x_wconf 82' lang='lat' dir='ltr'><strong>past</strong></span> <span class='ocrx_word' id='word_1_245' title='bbox 427 1768 749 1820; x_wconf 64' lang='lat' dir='ltr'><strong>things;1nnititur</strong></span> <span class='ocrx_word' id='word_1_246' title='bbox 772 1768 821 1804; x_wconf 87' lang='lat' dir='ltr'><strong>ad</strong></span> <span class='ocrx_word' id='word_1_247' title='bbox 849 1768 937 1813; x_wconf 82' lang='lat' dir='ltr'><strong>hoc,</strong></span> <span class='ocrx_word' id='word_1_248' title='bbox 971 1767 1079 1815; x_wconf 89' lang='lat' dir='ltr'><strong>quod</strong></span> <span class='ocrx_word' id='word_1_249' title='bbox 1112 1775 1225 1802; x_wconf 91' lang='lat' dir='ltr'><strong>sanet</strong></span> <span class='ocrx_word' id='word_1_250' title='bbox 1257 1766 1513 1803; x_wconf 84' lang='lat' dir='ltr'><strong>Aristotelem</strong></span> <span class='ocrx_word' id='word_1_251' title='bbox 1546 1766 1607 1803; x_wconf 87' lang='lat' dir='ltr'><strong>vel</strong></span> <span class='ocrx_word' id='word_1_252' title='bbox 1638 1778 1762 1802; x_wconf 88' lang='lat' dir='ltr'><strong>unum</strong></span> <span class='ocrx_word' id='word_1_253' title='bbox 1797 1765 1876 1801; x_wconf 84' lang='lat' dir='ltr'><strong>tale</strong></span> 
     </span>
     <span class='ocr_line' id='line_1_28' title="bbox 275 1822 1876 1886; baseline -0.005 -19"><span class='ocrx_word' id='word_1_254' title='bbox 275 1824 548 1886; x_wconf 41' lang='lat' dir='ltr'><strong>fossiisffiniisltsostssy.</strong></span> <span class='ocrx_word' id='word_1_255' title='bbox 565 1826 815 1875; x_wconf 87' lang='lat' dir='ltr'><strong>preteritum.</strong></span> <span class='ocrx_word' id='word_1_256' title='bbox 867 1824 908 1861; x_wconf 88' lang='lat' dir='ltr'><strong>Si</strong></span> <span class='ocrx_word' id='word_1_257' title='bbox 947 1833 1083 1861; x_wconf 85' lang='lat' dir='ltr'><strong>tamen</strong></span> <span class='ocrx_word' id='word_1_258' title='bbox 1120 1832 1255 1872; x_wconf 88' lang='lat' dir='ltr'><strong>posset</strong></span> <span class='ocrx_word' id='word_1_259' title='bbox 1292 1836 1336 1860; x_wconf 86' lang='lat' dir='ltr'><strong>ex</strong></span> <span class='ocrx_word' id='word_1_260' title='bbox 1374 1824 1539 1872; x_wconf 90' lang='lat' dir='ltr'><strong>propria</strong></span> <span class='ocrx_word' id='word_1_261' title='bbox 1571 1822 1757 1872; x_wconf 89' lang='lat' dir='ltr'><strong>potencia</strong></span> <span class='ocrx_word' id='word_1_262' title='bbox 1789 1836 1876 1871; x_wconf 90' lang='lat' dir='ltr'><strong>pre-</strong></span> 
     </span>
    </p>
   </div>
   <div class='ocr_carea' id='block_1_21' title="bbox 277 1881 1878 1950">
    <p class='ocr_par' dir='ltr' id='par_1_21' title="bbox 277 1881 1878 1950">
     <span class='ocr_line' id='line_1_29' title="bbox 277 1881 1878 1950; baseline -0.004 -28"><span class='ocrx_word' id='word_1_263' title='bbox 277 1886 550 1950; x_wconf 41' lang='lat' dir='ltr'><strong>hclfifitshtiffisfssiaetw</strong></span> <span class='ocrx_word' id='word_1_264' title='bbox 566 1897 704 1921; x_wconf 80' lang='lat' dir='ltr'><strong>cavere</strong></span> <span class='ocrx_word' id='word_1_265' title='bbox 737 1883 845 1927; x_wconf 88' lang='lat' dir='ltr'><strong>talia,</strong></span> <span class='ocrx_word' id='word_1_266' title='bbox 886 1891 923 1919; x_wconf 90' lang='lat' dir='ltr'><strong>et</strong></span> <span class='ocrx_word' id='word_1_267' title='bbox 956 1883 1056 1919; x_wconf 87' lang='lat' dir='ltr'><strong>bene</strong></span> <span class='ocrx_word' id='word_1_268' title='bbox 1088 1882 1207 1919; x_wconf 85' lang='lat' dir='ltr'><strong>sciret</strong></span> <span class='ocrx_word' id='word_1_269' title='bbox 1239 1882 1348 1930; x_wconf 88' lang='lat' dir='ltr'><strong>quod</strong></span> <span class='ocrx_word' id='word_1_270' title='bbox 1385 1881 1483 1918; x_wconf 89' lang='lat' dir='ltr'><strong>talia</strong></span> <span class='ocrx_word' id='word_1_271' title='bbox 1515 1881 1685 1918; x_wconf 88' lang='lat' dir='ltr'><strong>faciliter</strong></span> <span class='ocrx_word' id='word_1_272' title='bbox 1716 1888 1878 1929; x_wconf 87' lang='lat' dir='ltr'><strong>possent</strong></span> 
     </span>
    </p>
   </div>
   <div class='ocr_carea' id='block_1_22' title="bbox 298 1938 1938 2218">
    <p class='ocr_par' dir='ltr' id='par_1_22' title="bbox 298 1938 1938 2218">
     <span class='ocr_line' id='line_1_30' title="bbox 298 1938 1879 1988; baseline -0.006 -4"><span class='ocrx_word' id='word_1_273' title='bbox 298 1965 369 1984; x_wconf 80' lang='lat' dir='ltr'><strong>cure</strong></span> <span class='ocrx_word' id='word_1_274' title='bbox 389 1957 436 1983; x_wconf 77' lang='lat' dir='ltr'><strong>his</strong></span> <span class='ocrx_word' id='word_1_275' title='bbox 457 1954 533 1982; x_wconf 81' lang='lat' dir='ltr'><strong>dead</strong></span> <span class='ocrx_word' id='word_1_276' title='bbox 567 1954 725 1984; x_wconf 82' lang='lat' dir='ltr'><strong>nocere,</strong></span> <span class='ocrx_word' id='word_1_277' title='bbox 759 1942 818 1977; x_wconf 87' lang='lat' dir='ltr'><strong>vel</strong></span> <span class='ocrx_word' id='word_1_278' title='bbox 851 1940 1056 1988; x_wconf 86' lang='lat' dir='ltr'><strong>perficere,</strong></span> <span class='ocrx_word' id='word_1_279' title='bbox 1096 1939 1280 1976; x_wconf 88' lang='lat' dir='ltr'><strong>similiter</strong></span> <span class='ocrx_word' id='word_1_280' title='bbox 1318 1951 1360 1976; x_wconf 82' lang='lat' dir='ltr'><strong>ex</strong></span> <span class='ocrx_word' id='word_1_281' title='bbox 1393 1952 1464 1976; x_wconf 85' lang='lat' dir='ltr'><strong>sua</strong></span> <span class='ocrx_word' id='word_1_282' title='bbox 1503 1939 1695 1987; x_wconf 87' lang='lat' dir='ltr'><strong>inpericia</strong></span> <span class='ocrx_word' id='word_1_283' title='bbox 1728 1939 1789 1975; x_wconf 85' lang='lat' dir='ltr'><strong>vel</strong></span> <span class='ocrx_word' id='word_1_284' title='bbox 1821 1938 1879 1974; x_wconf 91' lang='lat' dir='ltr'><strong>in-</strong></span> 
     </span>
     <span class='ocr_line' id='line_1_31' title="bbox 307 1991 1938 2053; baseline -0.004 -16"><span class='ocrx_word' id='word_1_285' title='bbox 307 1991 516 2053; x_wconf 43' lang='grc' dir='ltr'><strong>ἓὲᾒᾎάἷὸξξῗῇῇ</strong></span> <span class='ocrx_word' id='word_1_286' title='bbox 568 1999 719 2036; x_wconf 81' lang='lat' dir='ltr'><strong>dustria</strong></span> <span class='ocrx_word' id='word_1_287' title='bbox 751 1998 911 2034; x_wconf 89' lang='lat' dir='ltr'><strong>timeret</strong></span> <span class='ocrx_word' id='word_1_288' title='bbox 943 1998 1180 2034; x_wconf 82' lang='lat' dir='ltr'><strong>naturaliter</strong></span> <span class='ocrx_word' id='word_1_289' title='bbox 1212 1997 1321 2046; x_wconf 77' lang='lat' dir='ltr'><strong>talia,</strong></span> <span class='ocrx_word' id='word_1_290' title='bbox 1354 2006 1391 2034; x_wconf 89' lang='lat' dir='ltr'><strong>et</strong></span> <span class='ocrx_word' id='word_1_291' title='bbox 1424 2006 1603 2045; x_wconf 86' lang='lat' dir='ltr'><strong>speraret</strong></span> <span class='ocrx_word' id='word_1_292' title='bbox 1625 1999 1745 2040; x_wconf 83' lang='lat' dir='ltr'><strong>bona,</strong></span> <span class='ocrx_word' id='word_1_293' title='bbox 1779 1996 1880 2032; x_wconf 88' lang='lat' dir='ltr'><strong>sicut</strong></span> <span class='ocrx_word' id='word_1_294' title='bbox 1895 2000 1938 2032; x_wconf 82' lang='lat'><strong>30</strong></span> 
     </span>
     <span class='ocr_line' id='line_1_32' title="bbox 324 2053 1881 2103; baseline -0.004 -8"><span class='ocrx_word' id='word_1_295' title='bbox 324 2061 437 2088; x_wconf 67' lang='lat' dir='ltr'><strong>believe</strong></span> <span class='ocrx_word' id='word_1_296' title='bbox 458 2059 505 2086; x_wconf 81' lang='lat' dir='ltr'><strong>his</strong></span> <span class='ocrx_word' id='word_1_297' title='bbox 568 2057 663 2094; x_wconf 85' lang='lat' dir='ltr'><strong>facit</strong></span> <span class='ocrx_word' id='word_1_298' title='bbox 696 2058 743 2093; x_wconf 90' lang='lat' dir='ltr'><strong>de</strong></span> <span class='ocrx_word' id='word_1_299' title='bbox 775 2055 936 2099; x_wconf 88' lang='lat' dir='ltr'><strong>futuris;</strong></span> <span class='ocrx_word' id='word_1_300' title='bbox 971 2057 1078 2103; x_wconf 90' lang='lat' dir='ltr'><strong>quod</strong></span> <span class='ocrx_word' id='word_1_301' title='bbox 1112 2064 1169 2092; x_wconf 87' lang='lat' dir='ltr'><strong>est</strong></span> <span class='ocrx_word' id='word_1_302' title='bbox 1202 2064 1342 2092; x_wconf 87' lang='lat' dir='ltr'><strong>contra</strong></span> <span class='ocrx_word' id='word_1_303' title='bbox 1374 2054 1627 2092; x_wconf 86' lang='lat' dir='ltr'><strong>Aristotelem</strong></span> <span class='ocrx_word' id='word_1_304' title='bbox 1663 2055 1736 2099; x_wconf 67' lang='lat'><strong>(6¹0</strong></span> <span class='ocrx_word' id='word_1_305' title='bbox 1760 2053 1881 2102; x_wconf 87' lang='lat' dir='ltr'><strong>phisi-</strong></span> 
     </span>
     <span class='ocr_line' id='line_1_33' title="bbox 356 2095 1880 2164; baseline -0.004 -11"><span class='ocrx_word' id='word_1_306' title='bbox 356 2095 475 2129; x_wconf 79' lang='lat' dir='ltr'><strong>theory.</strong></span> <span class='ocrx_word' id='word_1_307' title='bbox 570 2127 722 2164; x_wconf 70' lang='lat' dir='ltr'><strong>corum,</strong></span> <span class='ocrx_word' id='word_1_308' title='bbox 768 2114 945 2162; x_wconf 90' lang='lat' dir='ltr'><strong>capitulo</strong></span> <span class='ocrx_word' id='word_1_309' title='bbox 979 2113 1066 2158; x_wconf 73' lang='lat'>6¹0).</span> <span class='ocrx_word' id='word_1_310' title='bbox 1119 2115 1241 2149; x_wconf 85' lang='lat' dir='ltr'><strong>Sanet</strong></span> <span class='ocrx_word' id='word_1_311' title='bbox 1278 2113 1398 2160; x_wconf 87' lang='lat' dir='ltr'><strong>igitur</strong></span> <span class='ocrx_word' id='word_1_312' title='bbox 1435 2113 1491 2149; x_wconf 87' lang='lat' dir='ltr'><strong>sic</strong></span> <span class='ocrx_word' id='word_1_313' title='bbox 1535 2111 1719 2160; x_wconf 86' lang='lat' dir='ltr'><strong>opinians</strong></span> <span class='ocrx_word' id='word_1_314' title='bbox 1763 2124 1880 2148; x_wconf 88' lang='lat' dir='ltr'><strong>avum</strong></span> 
     </span>
     <span class='ocr_line' id='line_1_34' title="bbox 570 2169 1794 2218; baseline -0.002 -9"><span class='ocrx_word' id='word_1_315' title='bbox 570 2186 701 2218; x_wconf 89' lang='lat' dir='ltr'><strong>suum,</strong></span> <span class='ocrx_word' id='word_1_316' title='bbox 735 2172 796 2208; x_wconf 82' lang='lat' dir='ltr'><strong>vel</strong></span> <span class='ocrx_word' id='word_1_317' title='bbox 829 2171 948 2208; x_wconf 89' lang='lat' dir='ltr'><strong>faciat</strong></span> <span class='ocrx_word' id='word_1_318' title='bbox 981 2184 1105 2207; x_wconf 87' lang='lat' dir='ltr'><strong>unum</strong></span> <span class='ocrx_word' id='word_1_319' title='bbox 1139 2171 1218 2207; x_wconf 89' lang='lat' dir='ltr'><strong>tale</strong></span> <span class='ocrx_word' id='word_1_320' title='bbox 1253 2170 1448 2214; x_wconf 87' lang='lat' dir='ltr'><strong>mirabile,</strong></span> <span class='ocrx_word' id='word_1_321' title='bbox 1482 2179 1519 2207; x_wconf 88' lang='lat' dir='ltr'><strong>et</strong></span> <span class='ocrx_word' id='word_1_322' title='bbox 1553 2172 1713 2207; x_wconf 87' lang='lat' dir='ltr'><strong>credam</strong></span> <span class='ocrx_word' id='word_1_323' title='bbox 1746 2169 1794 2207; x_wconf 89' lang='lat' dir='ltr'><strong>ei.</strong></span> 
     </span>
    </p>
   </div>
   <div class='ocr_carea' id='block_1_23' title="bbox 295 2227 1940 2353">
    <p class='ocr_par' dir='ltr' id='par_1_23' title="bbox 295 2227 1940 2353">
     <span class='ocr_line' id='line_1_35' title="bbox 296 2227 1884 2276; baseline -0.006 -3"><span class='ocrx_word' id='word_1_324' title='bbox 296 2247 320 2273; x_wconf 84' lang='lat' dir='ltr'><strong>lt</strong></span> <span class='ocrx_word' id='word_1_325' title='bbox 342 2244 501 2274; x_wconf 79' lang='lat' dir='ltr'><strong>admitted.</strong></span> <span class='ocrx_word' id='word_1_326' title='bbox 522 2243 545 2270; x_wconf 81' lang='lat' dir='ltr'><strong>it</strong></span> <span class='ocrx_word' id='word_1_327' title='bbox 630 2228 836 2273; x_wconf 80' lang='lat' dir='ltr'><strong>Similiter,</strong></span> <span class='ocrx_word' id='word_1_328' title='bbox 881 2230 1078 2265; x_wconf 88' lang='lat' dir='ltr'><strong>subducta</strong></span> <span class='ocrx_word' id='word_1_329' title='bbox 1121 2228 1231 2265; x_wconf 86' lang='lat' dir='ltr'><strong>omni</strong></span> <span class='ocrx_word' id='word_1_330' title='bbox 1274 2228 1344 2265; x_wconf 87' lang='lat' dir='ltr'><strong>tali</strong></span> <span class='ocrx_word' id='word_1_331' title='bbox 1390 2228 1654 2276; x_wconf 86' lang='lat' dir='ltr'><strong>obligacione,</strong></span> <span class='ocrx_word' id='word_1_332' title='bbox 1699 2227 1884 2264; x_wconf 89' lang='lat' dir='ltr'><strong>concedit</strong></span> 
     </span>
     <span class='ocr_line' id='line_1_36' title="bbox 295 2278 1940 2353; baseline -0.004 -27"><span class='ocrx_word' id='word_1_333' title='bbox 295 2280 404 2353; x_wconf 42' lang='grc' dir='ltr'><strong>[Ῡροξὲξ</strong></span> <span class='ocrx_word' id='word_1_334' title='bbox 425 2278 546 2348; x_wconf 49' lang='lat' dir='ltr'><strong>ffisgss‘ffi</strong></span> <span class='ocrx_word' id='word_1_335' title='bbox 572 2289 681 2336; x_wconf 90' lang='lat' dir='ltr'><strong>quod</strong></span> <span class='ocrx_word' id='word_1_336' title='bbox 705 2295 835 2335; x_wconf 88' lang='lat' dir='ltr'><strong>potest</strong></span> <span class='ocrx_word' id='word_1_337' title='bbox 862 2286 902 2322; x_wconf 92' lang='lat' dir='ltr'><strong>in</strong></span> <span class='ocrx_word' id='word_1_338' title='bbox 935 2286 1109 2334; x_wconf 84' lang='lat' dir='ltr'><strong>presenti</strong></span> <span class='ocrx_word' id='word_1_339' title='bbox 1142 2286 1306 2322; x_wconf 82' lang='lat' dir='ltr'><strong>instanti</strong></span> <span class='ocrx_word' id='word_1_340' title='bbox 1339 2287 1491 2323; x_wconf 86' lang='lat' dir='ltr'><strong>salvare</strong></span> <span class='ocrx_word' id='word_1_341' title='bbox 1522 2286 1791 2322; x_wconf 87' lang='lat' dir='ltr'><strong>Aristotelem.</strong></span> <span class='ocrx_word' id='word_1_342' title='bbox 1826 2284 1940 2322; x_wconf 77' lang='lat' dir='ltr'><strong>111i35</strong></span> 
     </span>
    </p>
   </div>
   <div class='ocr_carea' id='block_1_24' title="bbox 283 2342 1946 2796">
    <p class='ocr_par' dir='ltr' id='par_1_24' title="bbox 283 2342 1883 2395">
     <span class='ocr_line' id='line_1_37' title="bbox 283 2342 1883 2395; baseline -0.003 -13"><span class='ocrx_word' id='word_1_343' title='bbox 283 2349 427 2376; x_wconf 75' lang='lat' dir='ltr'><strong>W1thtl1e</strong></span> <span class='ocrx_word' id='word_1_344' title='bbox 445 2345 693 2395; x_wconf 64' lang='lat' dir='ltr'><strong>pasttoigitur</strong></span> <span class='ocrx_word' id='word_1_345' title='bbox 737 2358 815 2381; x_wconf 88' lang='lat' dir='ltr'><strong>non</strong></span> <span class='ocrx_word' id='word_1_346' title='bbox 868 2353 1066 2392; x_wconf 82' lang='lat' dir='ltr'><strong>repugnat</strong></span> <span class='ocrx_word' id='word_1_347' title='bbox 1114 2345 1188 2380; x_wconf 88' lang='lat' dir='ltr'><strong>hoc</strong></span> <span class='ocrx_word' id='word_1_348' title='bbox 1236 2353 1419 2391; x_wconf 84' lang='lat' dir='ltr'><strong>putatum</strong></span> <span class='ocrx_word' id='word_1_349' title='bbox 1466 2356 1548 2381; x_wconf 86' lang='lat' dir='ltr'><strong>esse</strong></span> <span class='ocrx_word' id='word_1_350' title='bbox 1596 2342 1883 2380; x_wconf 86' lang='lat' dir='ltr'><strong>necessarium:</strong></span> 
     </span>
    </p>

    <p class='ocr_par' dir='ltr' id='par_1_25' title="bbox 291 2384 1946 2796">
     <span class='ocr_line' id='line_1_38' title="bbox 291 2384 1886 2451; baseline -0.002 -12"><span class='ocrx_word' id='word_1_351' title='bbox 291 2384 365 2411; x_wconf 57' lang='lat'>§⁰⁶¹¹</span> <span class='ocrx_word' id='word_1_352' title='bbox 387 2391 423 2410; x_wconf 57' lang='lat'><strong>³¹¹</strong></span> <span class='ocrx_word' id='word_1_353' title='bbox 448 2386 558 2412; x_wconf 58' lang='lat' dir='ltr'><strong>extent,</strong></span> <span class='ocrx_word' id='word_1_354' title='bbox 573 2403 800 2439; x_wconf 79' lang='lat' dir='ltr'><strong>Aristoteles</strong></span> <span class='ocrx_word' id='word_1_355' title='bbox 823 2402 907 2450; x_wconf 76' lang='lat' dir='ltr'><strong>fuit</strong></span> <span class='ocrx_word' id='word_1_356' title='bbox 930 2409 1107 2438; x_wconf 80' lang='lat' dir='ltr'><strong>mortuus</strong></span> <span class='ocrx_word' id='word_1_357' title='bbox 1132 2415 1204 2451; x_wconf 84' lang='lat' dir='ltr'><strong>per</strong></span> <span class='ocrx_word' id='word_1_358' title='bbox 1227 2403 1302 2438; x_wconf 86' lang='lat' dir='ltr'><strong>duo</strong></span> <span class='ocrx_word' id='word_1_359' title='bbox 1336 2403 1440 2438; x_wconf 77' lang='lat' dir='ltr'><strong>milia</strong></span> <span class='ocrx_word' id='word_1_360' title='bbox 1473 2414 1663 2438; x_wconf 83' lang='lat' dir='ltr'><strong>annorum</strong></span> <span class='ocrx_word' id='word_1_361' title='bbox 1696 2408 1783 2437; x_wconf 83' lang='lat' dir='ltr'><strong>ante</strong></span> <span class='ocrx_word' id='word_1_362' title='bbox 1816 2401 1886 2436; x_wconf 84' lang='lat' dir='ltr'><strong>hoc</strong></span> 
     </span>
     <span class='ocr_line' id='line_1_39' title="bbox 575 2458 1884 2508; baseline -0.002 -12"><span class='ocrx_word' id='word_1_363' title='bbox 575 2462 730 2497; x_wconf 71' lang='lat' dir='ltr'><strong>instans.</strong></span> <span class='ocrx_word' id='word_1_364' title='bbox 773 2462 872 2496; x_wconf 80' lang='lat' dir='ltr'><strong>Sunt</strong></span> <span class='ocrx_word' id='word_1_365' title='bbox 910 2459 1029 2508; x_wconf 84' lang='lat' dir='ltr'><strong>igitur</strong></span> <span class='ocrx_word' id='word_1_366' title='bbox 1068 2462 1187 2496; x_wconf 82' lang='lat' dir='ltr'><strong>ambo</strong></span> <span class='ocrx_word' id='word_1_367' title='bbox 1227 2459 1346 2495; x_wconf 89' lang='lat' dir='ltr'><strong>simul</strong></span> <span class='ocrx_word' id='word_1_368' title='bbox 1379 2460 1655 2504; x_wconf 86' lang='lat' dir='ltr'><strong>concedenda;</strong></span> <span class='ocrx_word' id='word_1_369' title='bbox 1694 2458 1884 2506; x_wconf 80' lang='lat' dir='ltr'><strong>primurn,</strong></span> 
     </span>
     <span class='ocr_line' id='line_1_40' title="bbox 576 2516 1887 2566; baseline -0.002 -12"><span class='ocrx_word' id='word_1_370' title='bbox 576 2517 669 2566; x_wconf 89' lang='lat' dir='ltr'><strong>quia</strong></span> <span class='ocrx_word' id='word_1_371' title='bbox 714 2526 770 2554; x_wconf 89' lang='lat' dir='ltr'><strong>est</strong></span> <span class='ocrx_word' id='word_1_372' title='bbox 814 2517 927 2566; x_wconf 88' lang='lat' dir='ltr'><strong>quasi</strong></span> <span class='ocrx_word' id='word_1_373' title='bbox 959 2517 1243 2562; x_wconf 87' lang='lat' dir='ltr'><strong>necessarium,</strong></span> <span class='ocrx_word' id='word_1_374' title='bbox 1277 2527 1319 2554; x_wconf 91' lang='lat' dir='ltr'><strong>ut</strong></span> <span class='ocrx_word' id='word_1_375' title='bbox 1352 2517 1490 2565; x_wconf 88' lang='lat' dir='ltr'><strong>opinio</strong></span> <span class='ocrx_word' id='word_1_376' title='bbox 1524 2516 1724 2563; x_wconf 65' lang='lat' dir='ltr'><strong>conceditg</strong></span> <span class='ocrx_word' id='word_1_377' title='bbox 1759 2525 1796 2553; x_wconf 81' lang='lat' dir='ltr'><strong>et</strong></span> <span class='ocrx_word' id='word_1_378' title='bbox 1829 2529 1887 2552; x_wconf 90' lang='lat' dir='ltr'><strong>se-</strong></span> 
     </span>
     <span class='ocr_line' id='line_1_41' title="bbox 577 2574 1946 2623; baseline -0.003 -12"><span class='ocrx_word' id='word_1_379' title='bbox 577 2577 767 2618; x_wconf 90' lang='lat' dir='ltr'><strong>cundum,</strong></span> <span class='ocrx_word' id='word_1_380' title='bbox 815 2575 909 2623; x_wconf 88' lang='lat' dir='ltr'><strong>quia</strong></span> <span class='ocrx_word' id='word_1_381' title='bbox 955 2585 1012 2611; x_wconf 86' lang='lat' dir='ltr'><strong>est</strong></span> <span class='ocrx_word' id='word_1_382' title='bbox 1045 2588 1181 2612; x_wconf 84' lang='lat' dir='ltr'><strong>verum</strong></span> <span class='ocrx_word' id='word_1_383' title='bbox 1226 2585 1262 2611; x_wconf 91' lang='lat' dir='ltr'><strong>et</strong></span> <span class='ocrx_word' id='word_1_384' title='bbox 1306 2575 1499 2612; x_wconf 88' lang='lat' dir='ltr'><strong>creditum</strong></span> <span class='ocrx_word' id='word_1_385' title='bbox 1545 2574 1761 2622; x_wconf 87' lang='lat' dir='ltr'><strong>vulgariter</strong></span> <span class='ocrx_word' id='word_1_386' title='bbox 1805 2586 1946 2616; x_wconf 83' lang='lat' dir='ltr'><strong>esse4o</strong></span> 
     </span>
     <span class='ocr_line' id='line_1_42' title="bbox 580 2632 1887 2681; baseline -0.002 -12"><span class='ocrx_word' id='word_1_387' title='bbox 580 2633 732 2669; x_wconf 87' lang='lat' dir='ltr'><strong>firmius</strong></span> <span class='ocrx_word' id='word_1_388' title='bbox 765 2645 901 2669; x_wconf 88' lang='lat' dir='ltr'><strong>verum</strong></span> <span class='ocrx_word' id='word_1_389' title='bbox 947 2646 1066 2681; x_wconf 84' lang='lat' dir='ltr'><strong>quam</strong></span> <span class='ocrx_word' id='word_1_390' title='bbox 1113 2633 1302 2681; x_wconf 88' lang='lat' dir='ltr'><strong>primum.</strong></span> <span class='ocrx_word' id='word_1_391' title='bbox 1356 2635 1410 2669; x_wconf 82' lang='lat' dir='ltr'><strong>Ex</strong></span> <span class='ocrx_word' id='word_1_392' title='bbox 1448 2645 1528 2681; x_wconf 92' lang='lat' dir='ltr'><strong>quo</strong></span> <span class='ocrx_word' id='word_1_393' title='bbox 1567 2632 1748 2680; x_wconf 90' lang='lat' dir='ltr'><strong>sequitur</strong></span> <span class='ocrx_word' id='word_1_394' title='bbox 1780 2632 1887 2680; x_wconf 91' lang='lat' dir='ltr'><strong>quod</strong></span> 
     </span>
     <span class='ocr_line' id='line_1_43' title="bbox 579 2688 1888 2739; baseline -0.002 -12"><span class='ocrx_word' id='word_1_395' title='bbox 579 2690 813 2728; x_wconf 88' lang='lat' dir='ltr'><strong>Aristoteles</strong></span> <span class='ocrx_word' id='word_1_396' title='bbox 835 2703 992 2738; x_wconf 85' lang='lat' dir='ltr'><strong>semper</strong></span> <span class='ocrx_word' id='word_1_397' title='bbox 1016 2700 1146 2739; x_wconf 86' lang='lat' dir='ltr'><strong>potest</strong></span> <span class='ocrx_word' id='word_1_398' title='bbox 1179 2703 1276 2737; x_wconf 79' lang='lat' dir='ltr'><strong>esse,</strong></span> <span class='ocrx_word' id='word_1_399' title='bbox 1311 2700 1348 2727; x_wconf 92' lang='lat' dir='ltr'><strong>et</strong></span> <span class='ocrx_word' id='word_1_400' title='bbox 1381 2689 1577 2727; x_wconf 83' lang='lat' dir='ltr'><strong>infinicies</strong></span> <span class='ocrx_word' id='word_1_401' title='bbox 1609 2698 1739 2738; x_wconf 87' lang='lat' dir='ltr'><strong>potest</strong></span> <span class='ocrx_word' id='word_1_402' title='bbox 1773 2688 1888 2738; x_wconf 80' lang='lat' dir='ltr'><strong>mori,</strong></span> 
     </span>
     <span class='ocr_line' id='line_1_44' title="bbox 581 2746 1890 2796; baseline -0.002 -11"><span class='ocrx_word' id='word_1_403' title='bbox 581 2761 626 2785; x_wconf 91' lang='lat' dir='ltr'><strong>ac</strong></span> <span class='ocrx_word' id='word_1_404' title='bbox 658 2748 854 2785; x_wconf 82' lang='lat' dir='ltr'><strong>infinicies</strong></span> <span class='ocrx_word' id='word_1_405' title='bbox 888 2749 1081 2796; x_wconf 84' lang='lat' dir='ltr'><strong>generari.</strong></span> <span class='ocrx_word' id='word_1_406' title='bbox 1135 2750 1234 2785; x_wconf 86' lang='lat' dir='ltr'><strong>Nam</strong></span> <span class='ocrx_word' id='word_1_407' title='bbox 1277 2748 1315 2784; x_wconf 90' lang='lat' dir='ltr'><strong>in</strong></span> <span class='ocrx_word' id='word_1_408' title='bbox 1349 2748 1527 2796; x_wconf 87' lang='lat' dir='ltr'><strong>quolibet</strong></span> <span class='ocrx_word' id='word_1_409' title='bbox 1560 2746 1723 2784; x_wconf 89' lang='lat' dir='ltr'><strong>instanti</strong></span> <span class='ocrx_word' id='word_1_410' title='bbox 1758 2755 1890 2795; x_wconf 87' lang='lat' dir='ltr'><strong>potest</strong></span> 
     </span>
    </p>
   </div>
   <div class='ocr_carea' id='block_1_25' title="bbox 581 2806 1888 2856">
    <p class='ocr_par' dir='ltr' id='par_1_26' title="bbox 581 2806 1888 2856">
     <span class='ocr_line' id='line_1_45' title="bbox 581 2806 1888 2856; baseline -0.002 -13"><span class='ocrx_word' id='word_1_411' title='bbox 581 2818 678 2856; x_wconf 66' lang='lat' dir='ltr'><strong>esse7</strong></span> <span class='ocrx_word' id='word_1_412' title='bbox 731 2806 841 2843; x_wconf 85' lang='lat' dir='ltr'><strong>sicud</strong></span> <span class='ocrx_word' id='word_1_413' title='bbox 888 2819 958 2856; x_wconf 88' lang='lat' dir='ltr'><strong>per</strong></span> <span class='ocrx_word' id='word_1_414' title='bbox 1001 2819 1163 2844; x_wconf 88' lang='lat' dir='ltr'><strong>omnem</strong></span> <span class='ocrx_word' id='word_1_415' title='bbox 1211 2808 1365 2851; x_wconf 87' lang='lat' dir='ltr'><strong>horam,</strong></span> <span class='ocrx_word' id='word_1_416' title='bbox 1420 2806 1539 2852; x_wconf 84' lang='lat' dir='ltr'><strong>diem,</strong></span> <span class='ocrx_word' id='word_1_417' title='bbox 1593 2814 1888 2854; x_wconf 86' lang='lat' dir='ltr'><strong>septumanam,</strong></span> 
     </span>
    </p>
   </div>
  </div>
 </body>
</html>
